%YAML 1.1
%TAG !u! tag:unity3d.com,2011:
--- !u!1 &4157297975656394591
GameObject:
  m_ObjectHideFlags: 0
  m_CorrespondingSourceObject: {fileID: 0}
  m_PrefabInstance: {fileID: 0}
  m_PrefabAsset: {fileID: 0}
  serializedVersion: 6
  m_Component:
  - component: {fileID: 4157297975656394590}
  - component: {fileID: 4157297975656394589}
  m_Layer: 10
  m_Name: ColliderTrigger
  m_TagString: DestructibleObstacle
  m_Icon: {fileID: 0}
  m_NavMeshLayer: 0
  m_StaticEditorFlags: 0
  m_IsActive: 1
--- !u!4 &4157297975656394590
Transform:
  m_ObjectHideFlags: 0
  m_CorrespondingSourceObject: {fileID: 0}
  m_PrefabInstance: {fileID: 0}
  m_PrefabAsset: {fileID: 0}
  m_GameObject: {fileID: 4157297975656394591}
  m_LocalRotation: {x: -0.7071067, y: -0.000000030908616, z: 0.000000030908623, w: 0.7071068}
  m_LocalPosition: {x: 0, y: 0, z: 0}
  m_LocalScale: {x: 100, y: 100, z: 100}
  m_Children: []
  m_Father: {fileID: 4157297977461464686}
  m_RootOrder: 1
  m_LocalEulerAnglesHint: {x: 0, y: 0, z: 0}
--- !u!64 &4157297975656394589
MeshCollider:
  m_ObjectHideFlags: 0
  m_CorrespondingSourceObject: {fileID: 0}
  m_PrefabInstance: {fileID: 0}
  m_PrefabAsset: {fileID: 0}
  m_GameObject: {fileID: 4157297975656394591}
  m_Material: {fileID: 0}
  m_IsTrigger: 1
  m_Enabled: 1
  serializedVersion: 4
  m_Convex: 1
  m_CookingOptions: 30
  m_Mesh: {fileID: 1681773579207095595, guid: bf1cc3ae92f76dd43a0bac955ba40601, type: 3}
--- !u!1 &4157297977461464687
GameObject:
  m_ObjectHideFlags: 0
  m_CorrespondingSourceObject: {fileID: 0}
  m_PrefabInstance: {fileID: 0}
  m_PrefabAsset: {fileID: 0}
  serializedVersion: 6
  m_Component:
  - component: {fileID: 4157297977461464686}
  m_Layer: 11
  m_Name: BouleauMort
  m_TagString: DestructibleObstacle
  m_Icon: {fileID: 0}
  m_NavMeshLayer: 0
  m_StaticEditorFlags: 0
  m_IsActive: 1
--- !u!4 &4157297977461464686
Transform:
  m_ObjectHideFlags: 0
  m_CorrespondingSourceObject: {fileID: 0}
  m_PrefabInstance: {fileID: 0}
  m_PrefabAsset: {fileID: 0}
  m_GameObject: {fileID: 4157297977461464687}
  m_LocalRotation: {x: -0, y: -0, z: -0, w: 1}
  m_LocalPosition: {x: 0, y: 0, z: 0}
  m_LocalScale: {x: 1, y: 1, z: 1}
  m_Children:
  - {fileID: 4484187779263596273}
  - {fileID: 4157297975656394590}
  m_Father: {fileID: 0}
  m_RootOrder: 0
  m_LocalEulerAnglesHint: {x: 0, y: 0, z: 0}
--- !u!1001 &4157297975910654234
PrefabInstance:
  m_ObjectHideFlags: 0
  serializedVersion: 2
  m_Modification:
    m_TransformParent: {fileID: 4157297977461464686}
    m_Modifications:
    - target: {fileID: -8679921383154817045, guid: bf1cc3ae92f76dd43a0bac955ba40601,
        type: 3}
      propertyPath: m_LocalPosition.x
      value: 0
      objectReference: {fileID: 0}
    - target: {fileID: -8679921383154817045, guid: bf1cc3ae92f76dd43a0bac955ba40601,
        type: 3}
      propertyPath: m_LocalPosition.y
      value: 0
      objectReference: {fileID: 0}
    - target: {fileID: -8679921383154817045, guid: bf1cc3ae92f76dd43a0bac955ba40601,
        type: 3}
      propertyPath: m_LocalPosition.z
      value: 0
      objectReference: {fileID: 0}
    - target: {fileID: -8679921383154817045, guid: bf1cc3ae92f76dd43a0bac955ba40601,
        type: 3}
      propertyPath: m_LocalRotation.x
      value: -0.7071067
      objectReference: {fileID: 0}
    - target: {fileID: -8679921383154817045, guid: bf1cc3ae92f76dd43a0bac955ba40601,
        type: 3}
      propertyPath: m_LocalRotation.y
      value: -0.000000030908616
      objectReference: {fileID: 0}
    - target: {fileID: -8679921383154817045, guid: bf1cc3ae92f76dd43a0bac955ba40601,
        type: 3}
      propertyPath: m_LocalRotation.z
      value: 0.000000030908623
      objectReference: {fileID: 0}
    - target: {fileID: -8679921383154817045, guid: bf1cc3ae92f76dd43a0bac955ba40601,
        type: 3}
      propertyPath: m_LocalRotation.w
      value: 0.7071068
      objectReference: {fileID: 0}
    - target: {fileID: -8679921383154817045, guid: bf1cc3ae92f76dd43a0bac955ba40601,
        type: 3}
      propertyPath: m_RootOrder
      value: 0
      objectReference: {fileID: 0}
    - target: {fileID: -8679921383154817045, guid: bf1cc3ae92f76dd43a0bac955ba40601,
        type: 3}
      propertyPath: m_LocalEulerAnglesHint.x
      value: 0
      objectReference: {fileID: 0}
    - target: {fileID: -8679921383154817045, guid: bf1cc3ae92f76dd43a0bac955ba40601,
        type: 3}
      propertyPath: m_LocalEulerAnglesHint.y
      value: 0
      objectReference: {fileID: 0}
    - target: {fileID: -8679921383154817045, guid: bf1cc3ae92f76dd43a0bac955ba40601,
        type: 3}
      propertyPath: m_LocalEulerAnglesHint.z
      value: 0
      objectReference: {fileID: 0}
    - target: {fileID: -1893880391507028483, guid: bf1cc3ae92f76dd43a0bac955ba40601,
        type: 3}
      propertyPath: m_TagString
      value: Sol
      objectReference: {fileID: 0}
    - target: {fileID: 919132149155446097, guid: bf1cc3ae92f76dd43a0bac955ba40601,
        type: 3}
      propertyPath: m_Name
      value: BouleauMort
      objectReference: {fileID: 0}
    - target: {fileID: 919132149155446097, guid: bf1cc3ae92f76dd43a0bac955ba40601,
        type: 3}
      propertyPath: m_Layer
      value: 9
      objectReference: {fileID: 0}
    - target: {fileID: 919132149155446097, guid: bf1cc3ae92f76dd43a0bac955ba40601,
        type: 3}
      propertyPath: m_TagString
      value: DestructibleObstacle
      objectReference: {fileID: 0}
    m_RemovedComponents: []
  m_SourcePrefab: {fileID: 100100000, guid: bf1cc3ae92f76dd43a0bac955ba40601, type: 3}
--- !u!4 &4484187779263596273 stripped
Transform:
  m_CorrespondingSourceObject: {fileID: -8679921383154817045, guid: bf1cc3ae92f76dd43a0bac955ba40601,
    type: 3}
  m_PrefabInstance: {fileID: 4157297975910654234}
  m_PrefabAsset: {fileID: 0}
