%YAML 1.1
%TAG !u! tag:unity3d.com,2011:
--- !u!64 &602623806419817718
MeshCollider:
  m_ObjectHideFlags: 0
  m_CorrespondingSourceObject: {fileID: 0}
  m_PrefabInstance: {fileID: 0}
  m_PrefabAsset: {fileID: 0}
  m_GameObject: {fileID: 3997198056256458920}
  m_Material: {fileID: 0}
  m_IsTrigger: 0
  m_Enabled: 1
  serializedVersion: 4
  m_Convex: 0
  m_CookingOptions: 30
  m_Mesh: {fileID: 238074972901578983, guid: a5d99b1561b21444cb6aec7f90e0c64e, type: 3}
--- !u!1 &4976606644454468824
GameObject:
  m_ObjectHideFlags: 0
  m_CorrespondingSourceObject: {fileID: 0}
  m_PrefabInstance: {fileID: 0}
  m_PrefabAsset: {fileID: 0}
  serializedVersion: 6
  m_Component:
  - component: {fileID: 6839171344225661623}
  - component: {fileID: 7269998309111275737}
  m_Layer: 10
  m_Name: ObstacleTrigger
  m_TagString: DestructibleObstacle
  m_Icon: {fileID: 0}
  m_NavMeshLayer: 0
  m_StaticEditorFlags: 0
  m_IsActive: 1
--- !u!4 &6839171344225661623
Transform:
  m_ObjectHideFlags: 0
  m_CorrespondingSourceObject: {fileID: 0}
  m_PrefabInstance: {fileID: 0}
  m_PrefabAsset: {fileID: 0}
  m_GameObject: {fileID: 4976606644454468824}
  m_LocalRotation: {x: -0.7071068, y: -0, z: 0, w: 0.7071068}
  m_LocalPosition: {x: 0, y: 0, z: 0}
  m_LocalScale: {x: 70, y: 70.000015, z: 70.000015}
  m_Children: []
  m_Father: {fileID: 1959022817561304093}
  m_RootOrder: 0
  m_LocalEulerAnglesHint: {x: -90, y: 0, z: 0}
--- !u!65 &7269998309111275737
BoxCollider:
  m_ObjectHideFlags: 0
  m_CorrespondingSourceObject: {fileID: 0}
  m_PrefabInstance: {fileID: 0}
  m_PrefabAsset: {fileID: 0}
  m_GameObject: {fileID: 4976606644454468824}
  m_Material: {fileID: 0}
  m_IsTrigger: 1
  m_Enabled: 1
  serializedVersion: 2
  m_Size: {x: 0.08558863, y: 0.0056, z: 0.03405145}
  m_Center: {x: -0.00070835184, y: 6.1620985e-17, z: 0.017025733}
--- !u!1 &6584779732199698367
GameObject:
  m_ObjectHideFlags: 0
  m_CorrespondingSourceObject: {fileID: 0}
  m_PrefabInstance: {fileID: 0}
  m_PrefabAsset: {fileID: 0}
  serializedVersion: 6
  m_Component:
  - component: {fileID: 1959022817561304093}
  - component: {fileID: 714695465422964421}
  - component: {fileID: 8814410145857019337}
  - component: {fileID: 1420403272}
  m_Layer: 11
  m_Name: BarriereBois4
  m_TagString: DestructibleObstacle
  m_Icon: {fileID: 0}
  m_NavMeshLayer: 0
  m_StaticEditorFlags: 0
  m_IsActive: 1
--- !u!4 &1959022817561304093
Transform:
  m_ObjectHideFlags: 0
  m_CorrespondingSourceObject: {fileID: 0}
  m_PrefabInstance: {fileID: 0}
  m_PrefabAsset: {fileID: 0}
  m_GameObject: {fileID: 6584779732199698367}
  m_LocalRotation: {x: 0, y: 0, z: 0, w: 1}
  m_LocalPosition: {x: 0, y: 0, z: 0}
  m_LocalScale: {x: 1, y: 1, z: 1}
  m_Children:
  - {fileID: 6839171344225661623}
  - {fileID: 543450652298082673}
  m_Father: {fileID: 0}
  m_RootOrder: 0
  m_LocalEulerAnglesHint: {x: 0, y: 0, z: 0}
--- !u!114 &714695465422964421
MonoBehaviour:
  m_ObjectHideFlags: 0
  m_CorrespondingSourceObject: {fileID: 0}
  m_PrefabInstance: {fileID: 0}
  m_PrefabAsset: {fileID: 0}
  m_GameObject: {fileID: 6584779732199698367}
  m_Enabled: 1
  m_EditorHideFlags: 0
  m_Script: {fileID: 11500000, guid: a8e642bc047967b49b9d04d94ddf045a, type: 3}
  m_Name: 
  m_EditorClassIdentifier: 
  isATree: 0
  isAStalactite: 0
  isFlying: 0
--- !u!54 &8814410145857019337
Rigidbody:
  m_ObjectHideFlags: 0
  m_CorrespondingSourceObject: {fileID: 0}
  m_PrefabInstance: {fileID: 0}
  m_PrefabAsset: {fileID: 0}
  m_GameObject: {fileID: 6584779732199698367}
  serializedVersion: 2
  m_Mass: 1
  m_Drag: 0
  m_AngularDrag: 0.05
  m_UseGravity: 1
  m_IsKinematic: 1
  m_Interpolate: 0
  m_Constraints: 0
  m_CollisionDetection: 0
--- !u!205 &1420403272
LODGroup:
  m_ObjectHideFlags: 0
  m_CorrespondingSourceObject: {fileID: 0}
  m_PrefabInstance: {fileID: 0}
  m_PrefabAsset: {fileID: 0}
  m_GameObject: {fileID: 6584779732199698367}
  serializedVersion: 2
  m_LocalReferencePoint: {x: 0.036991596, y: 1.4339161, z: 0.00000023841858}
  m_Size: 6.251434
  m_FadeMode: 0
  m_AnimateCrossFading: 0
  m_LastLODIsBillboard: 0
  m_LODs:
  - screenRelativeHeight: 0.011869853
    fadeTransitionWidth: 0
    renderers:
    - renderer: {fileID: 3490298353909190915}
    - renderer: {fileID: 7512845178607056885}
  - screenRelativeHeight: 0.0015421935
    fadeTransitionWidth: 0
    renderers:
    - renderer: {fileID: 2010109498432389303}
    - renderer: {fileID: 7587958407905667126}
  m_Enabled: 1
--- !u!1001 &1435704986
PrefabInstance:
  m_ObjectHideFlags: 0
  serializedVersion: 2
  m_Modification:
    m_TransformParent: {fileID: 1959022817561304093}
    m_Modifications:
    - target: {fileID: -8679921383154817045, guid: a5d99b1561b21444cb6aec7f90e0c64e,
        type: 3}
      propertyPath: m_LocalPosition.x
      value: 0
      objectReference: {fileID: 0}
    - target: {fileID: -8679921383154817045, guid: a5d99b1561b21444cb6aec7f90e0c64e,
        type: 3}
      propertyPath: m_LocalPosition.y
      value: 0
      objectReference: {fileID: 0}
    - target: {fileID: -8679921383154817045, guid: a5d99b1561b21444cb6aec7f90e0c64e,
        type: 3}
      propertyPath: m_LocalPosition.z
      value: 0
      objectReference: {fileID: 0}
    - target: {fileID: -8679921383154817045, guid: a5d99b1561b21444cb6aec7f90e0c64e,
        type: 3}
      propertyPath: m_LocalRotation.x
      value: 0
      objectReference: {fileID: 0}
    - target: {fileID: -8679921383154817045, guid: a5d99b1561b21444cb6aec7f90e0c64e,
        type: 3}
      propertyPath: m_LocalRotation.y
      value: 0
      objectReference: {fileID: 0}
    - target: {fileID: -8679921383154817045, guid: a5d99b1561b21444cb6aec7f90e0c64e,
        type: 3}
      propertyPath: m_LocalRotation.z
      value: 0
      objectReference: {fileID: 0}
    - target: {fileID: -8679921383154817045, guid: a5d99b1561b21444cb6aec7f90e0c64e,
        type: 3}
      propertyPath: m_LocalRotation.w
      value: 1
      objectReference: {fileID: 0}
    - target: {fileID: -8679921383154817045, guid: a5d99b1561b21444cb6aec7f90e0c64e,
        type: 3}
      propertyPath: m_RootOrder
      value: 1
      objectReference: {fileID: 0}
    - target: {fileID: -8679921383154817045, guid: a5d99b1561b21444cb6aec7f90e0c64e,
        type: 3}
      propertyPath: m_LocalEulerAnglesHint.x
      value: 0
      objectReference: {fileID: 0}
    - target: {fileID: -8679921383154817045, guid: a5d99b1561b21444cb6aec7f90e0c64e,
        type: 3}
      propertyPath: m_LocalEulerAnglesHint.y
      value: 0
      objectReference: {fileID: 0}
    - target: {fileID: -8679921383154817045, guid: a5d99b1561b21444cb6aec7f90e0c64e,
        type: 3}
      propertyPath: m_LocalEulerAnglesHint.z
      value: 0
      objectReference: {fileID: 0}
    - target: {fileID: -5393025857802961672, guid: a5d99b1561b21444cb6aec7f90e0c64e,
        type: 3}
      propertyPath: m_Layer
      value: 9
      objectReference: {fileID: 0}
    - target: {fileID: -5393025857802961672, guid: a5d99b1561b21444cb6aec7f90e0c64e,
        type: 3}
      propertyPath: m_TagString
      value: DestructibleObstacle
      objectReference: {fileID: 0}
    - target: {fileID: -3045626464674799431, guid: a5d99b1561b21444cb6aec7f90e0c64e,
        type: 3}
      propertyPath: m_Layer
      value: 9
      objectReference: {fileID: 0}
    - target: {fileID: -3045626464674799431, guid: a5d99b1561b21444cb6aec7f90e0c64e,
        type: 3}
      propertyPath: m_TagString
      value: DestructibleObstacle
      objectReference: {fileID: 0}
    - target: {fileID: 919132149155446097, guid: a5d99b1561b21444cb6aec7f90e0c64e,
        type: 3}
      propertyPath: m_Name
      value: Barriere4
      objectReference: {fileID: 0}
    - target: {fileID: 3997198055544671794, guid: a5d99b1561b21444cb6aec7f90e0c64e,
        type: 3}
      propertyPath: m_Layer
      value: 9
      objectReference: {fileID: 0}
    - target: {fileID: 3997198055544671794, guid: a5d99b1561b21444cb6aec7f90e0c64e,
        type: 3}
      propertyPath: m_TagString
      value: DestructibleObstacle
      objectReference: {fileID: 0}
    - target: {fileID: 5093910950322452889, guid: a5d99b1561b21444cb6aec7f90e0c64e,
        type: 3}
      propertyPath: m_Layer
      value: 9
      objectReference: {fileID: 0}
    - target: {fileID: 5093910950322452889, guid: a5d99b1561b21444cb6aec7f90e0c64e,
        type: 3}
      propertyPath: m_TagString
      value: DestructibleObstacle
      objectReference: {fileID: 0}
    m_RemovedComponents: []
  m_SourcePrefab: {fileID: 100100000, guid: a5d99b1561b21444cb6aec7f90e0c64e, type: 3}
--- !u!4 &543450652298082673 stripped
Transform:
  m_CorrespondingSourceObject: {fileID: -8679921383154817045, guid: a5d99b1561b21444cb6aec7f90e0c64e,
    type: 3}
  m_PrefabInstance: {fileID: 1435704986}
  m_PrefabAsset: {fileID: 0}
--- !u!1 &3997198056256458920 stripped
GameObject:
  m_CorrespondingSourceObject: {fileID: 3997198055544671794, guid: a5d99b1561b21444cb6aec7f90e0c64e,
    type: 3}
  m_PrefabInstance: {fileID: 1435704986}
  m_PrefabAsset: {fileID: 0}
--- !u!23 &3490298353909190915 stripped
MeshRenderer:
  m_CorrespondingSourceObject: {fileID: 3490298353180233625, guid: a5d99b1561b21444cb6aec7f90e0c64e,
    type: 3}
  m_PrefabInstance: {fileID: 1435704986}
  m_PrefabAsset: {fileID: 0}
--- !u!23 &7512845178607056885 stripped
MeshRenderer:
  m_CorrespondingSourceObject: {fileID: -1710526857382581905, guid: a5d99b1561b21444cb6aec7f90e0c64e,
    type: 3}
  m_PrefabInstance: {fileID: 1435704986}
  m_PrefabAsset: {fileID: 0}
--- !u!23 &2010109498432389303 stripped
MeshRenderer:
  m_CorrespondingSourceObject: {fileID: -7213262539858076115, guid: a5d99b1561b21444cb6aec7f90e0c64e,
    type: 3}
  m_PrefabInstance: {fileID: 1435704986}
  m_PrefabAsset: {fileID: 0}
--- !u!23 &7587958407905667126 stripped
MeshRenderer:
  m_CorrespondingSourceObject: {fileID: -1635413627564132692, guid: a5d99b1561b21444cb6aec7f90e0c64e,
    type: 3}
  m_PrefabInstance: {fileID: 1435704986}
  m_PrefabAsset: {fileID: 0}
