%YAML 1.1
%TAG !u! tag:unity3d.com,2011:
--- !u!65 &4245203350525697162
BoxCollider:
  m_ObjectHideFlags: 0
  m_CorrespondingSourceObject: {fileID: 0}
  m_PrefabInstance: {fileID: 0}
  m_PrefabAsset: {fileID: 0}
  m_GameObject: {fileID: 1621064762305232908}
  m_Material: {fileID: 0}
  m_IsTrigger: 0
  m_Enabled: 1
  serializedVersion: 2
  m_Size: {x: 0.10863776, y: -0.03, z: 0.005}
  m_Center: {x: 0.000442911, y: -0.015, z: 0.025}
--- !u!1 &7374673190272784013
GameObject:
  m_ObjectHideFlags: 0
  m_CorrespondingSourceObject: {fileID: 0}
  m_PrefabInstance: {fileID: 0}
  m_PrefabAsset: {fileID: 0}
  serializedVersion: 6
  m_Component:
  - component: {fileID: 4686681406909536941}
  - component: {fileID: 4691946142197518394}
  m_Layer: 10
  m_Name: ColliderTrigger
  m_TagString: DestructibleObstacle
  m_Icon: {fileID: 0}
  m_NavMeshLayer: 0
  m_StaticEditorFlags: 0
  m_IsActive: 1
--- !u!4 &4686681406909536941
Transform:
  m_ObjectHideFlags: 0
  m_CorrespondingSourceObject: {fileID: 0}
  m_PrefabInstance: {fileID: 0}
  m_PrefabAsset: {fileID: 0}
  m_GameObject: {fileID: 7374673190272784013}
  m_LocalRotation: {x: -0.7069834, y: -0, z: -0, w: 0.7072302}
  m_LocalPosition: {x: 0, y: 0, z: 0}
  m_LocalScale: {x: 53.097, y: 53.097, z: 53.097}
  m_Children: []
  m_Father: {fileID: 7200687112675871070}
  m_RootOrder: 0
  m_LocalEulerAnglesHint: {x: -89.98, y: 0, z: 0}
--- !u!64 &4691946142197518394
MeshCollider:
  m_ObjectHideFlags: 0
  m_CorrespondingSourceObject: {fileID: 0}
  m_PrefabInstance: {fileID: 0}
  m_PrefabAsset: {fileID: 0}
  m_GameObject: {fileID: 7374673190272784013}
  m_Material: {fileID: 0}
  m_IsTrigger: 1
  m_Enabled: 1
  serializedVersion: 4
  m_Convex: 1
  m_CookingOptions: 30
  m_Mesh: {fileID: -5626485220033231273, guid: 10c5296444f04f843a532da43b707b1c, type: 3}
--- !u!64 &5882925307261954075
MeshCollider:
  m_ObjectHideFlags: 0
  m_CorrespondingSourceObject: {fileID: 0}
  m_PrefabInstance: {fileID: 0}
  m_PrefabAsset: {fileID: 0}
  m_GameObject: {fileID: 8496470009907801975}
  m_Material: {fileID: 0}
  m_IsTrigger: 0
  m_Enabled: 1
  serializedVersion: 4
  m_Convex: 0
  m_CookingOptions: 30
  m_Mesh: {fileID: -5626485220033231273, guid: 10c5296444f04f843a532da43b707b1c, type: 3}
--- !u!1 &8740902329800229264
GameObject:
  m_ObjectHideFlags: 0
  m_CorrespondingSourceObject: {fileID: 0}
  m_PrefabInstance: {fileID: 0}
  m_PrefabAsset: {fileID: 0}
  serializedVersion: 6
  m_Component:
  - component: {fileID: 7200687112675871070}
  - component: {fileID: 1391134447602480803}
  - component: {fileID: 3647943006429163525}
  - component: {fileID: 1239158057}
  m_Layer: 11
  m_Name: Banc
  m_TagString: DestructibleObstacle
  m_Icon: {fileID: 0}
  m_NavMeshLayer: 0
  m_StaticEditorFlags: 0
  m_IsActive: 1
--- !u!4 &7200687112675871070
Transform:
  m_ObjectHideFlags: 0
  m_CorrespondingSourceObject: {fileID: 0}
  m_PrefabInstance: {fileID: 0}
  m_PrefabAsset: {fileID: 0}
  m_GameObject: {fileID: 8740902329800229264}
  m_LocalRotation: {x: 0, y: 0, z: 0, w: 1}
  m_LocalPosition: {x: 0, y: 0, z: 0}
  m_LocalScale: {x: 2.5, y: 2.5, z: 2.5}
  m_Children:
  - {fileID: 4686681406909536941}
  - {fileID: 4669647207507965117}
  m_Father: {fileID: 0}
  m_RootOrder: 0
  m_LocalEulerAnglesHint: {x: 0, y: 0, z: 0}
--- !u!114 &1391134447602480803
MonoBehaviour:
  m_ObjectHideFlags: 0
  m_CorrespondingSourceObject: {fileID: 0}
  m_PrefabInstance: {fileID: 0}
  m_PrefabAsset: {fileID: 0}
  m_GameObject: {fileID: 8740902329800229264}
  m_Enabled: 1
  m_EditorHideFlags: 0
  m_Script: {fileID: 11500000, guid: a8e642bc047967b49b9d04d94ddf045a, type: 3}
  m_Name: 
  m_EditorClassIdentifier: 
  isATree: 0
  isAStalactite: 0
  isFlying: 0
--- !u!54 &3647943006429163525
Rigidbody:
  m_ObjectHideFlags: 0
  m_CorrespondingSourceObject: {fileID: 0}
  m_PrefabInstance: {fileID: 0}
  m_PrefabAsset: {fileID: 0}
  m_GameObject: {fileID: 8740902329800229264}
  serializedVersion: 2
  m_Mass: 1
  m_Drag: 0
  m_AngularDrag: 0.05
  m_UseGravity: 1
  m_IsKinematic: 1
  m_Interpolate: 0
  m_Constraints: 0
  m_CollisionDetection: 0
--- !u!205 &1239158057
LODGroup:
  m_ObjectHideFlags: 0
  m_CorrespondingSourceObject: {fileID: 0}
  m_PrefabInstance: {fileID: 0}
  m_PrefabAsset: {fileID: 0}
  m_GameObject: {fileID: 8740902329800229264}
  serializedVersion: 2
  m_LocalReferencePoint: {x: 0.010575891, y: 0.6349255, z: 0.14740747}
  m_Size: 3.6473057
  m_FadeMode: 0
  m_AnimateCrossFading: 0
  m_LastLODIsBillboard: 0
  m_LODs:
  - screenRelativeHeight: 0.02262586
    fadeTransitionWidth: 0
    renderers:
    - renderer: {fileID: 5113267068859719405}
    - renderer: {fileID: 1938503754203984404}
  - screenRelativeHeight: 0.01456854
    fadeTransitionWidth: 0
    renderers:
    - renderer: {fileID: 3044748447067223874}
    - renderer: {fileID: 3688013809386134524}
  - screenRelativeHeight: 0.0047683055
    fadeTransitionWidth: 0
    renderers:
    - renderer: {fileID: 1663185844457323224}
    - renderer: {fileID: 71690070071472522}
  m_Enabled: 1
--- !u!1001 &5136164169704624982
PrefabInstance:
  m_ObjectHideFlags: 0
  serializedVersion: 2
  m_Modification:
    m_TransformParent: {fileID: 7200687112675871070}
    m_Modifications:
    - target: {fileID: -8679921383154817045, guid: 10c5296444f04f843a532da43b707b1c,
        type: 3}
      propertyPath: m_LocalPosition.x
      value: 0
      objectReference: {fileID: 0}
    - target: {fileID: -8679921383154817045, guid: 10c5296444f04f843a532da43b707b1c,
        type: 3}
      propertyPath: m_LocalPosition.y
      value: 0
      objectReference: {fileID: 0}
    - target: {fileID: -8679921383154817045, guid: 10c5296444f04f843a532da43b707b1c,
        type: 3}
      propertyPath: m_LocalPosition.z
      value: 0
      objectReference: {fileID: 0}
    - target: {fileID: -8679921383154817045, guid: 10c5296444f04f843a532da43b707b1c,
        type: 3}
      propertyPath: m_LocalRotation.x
      value: -0
      objectReference: {fileID: 0}
    - target: {fileID: -8679921383154817045, guid: 10c5296444f04f843a532da43b707b1c,
        type: 3}
      propertyPath: m_LocalRotation.y
      value: -0
      objectReference: {fileID: 0}
    - target: {fileID: -8679921383154817045, guid: 10c5296444f04f843a532da43b707b1c,
        type: 3}
      propertyPath: m_LocalRotation.z
      value: -0
      objectReference: {fileID: 0}
    - target: {fileID: -8679921383154817045, guid: 10c5296444f04f843a532da43b707b1c,
        type: 3}
      propertyPath: m_LocalRotation.w
      value: 1
      objectReference: {fileID: 0}
    - target: {fileID: -8679921383154817045, guid: 10c5296444f04f843a532da43b707b1c,
        type: 3}
      propertyPath: m_RootOrder
      value: 1
      objectReference: {fileID: 0}
    - target: {fileID: -8679921383154817045, guid: 10c5296444f04f843a532da43b707b1c,
        type: 3}
      propertyPath: m_LocalEulerAnglesHint.x
      value: 0
      objectReference: {fileID: 0}
    - target: {fileID: -8679921383154817045, guid: 10c5296444f04f843a532da43b707b1c,
        type: 3}
      propertyPath: m_LocalEulerAnglesHint.y
      value: 0
      objectReference: {fileID: 0}
    - target: {fileID: -8679921383154817045, guid: 10c5296444f04f843a532da43b707b1c,
        type: 3}
      propertyPath: m_LocalEulerAnglesHint.z
      value: 0
      objectReference: {fileID: 0}
    - target: {fileID: -8679921383154817045, guid: 10c5296444f04f843a532da43b707b1c,
        type: 3}
      propertyPath: m_LocalScale.x
      value: 0.52994
      objectReference: {fileID: 0}
    - target: {fileID: -8679921383154817045, guid: 10c5296444f04f843a532da43b707b1c,
        type: 3}
      propertyPath: m_LocalScale.y
      value: 0.52994
      objectReference: {fileID: 0}
    - target: {fileID: -8679921383154817045, guid: 10c5296444f04f843a532da43b707b1c,
        type: 3}
      propertyPath: m_LocalScale.z
      value: 0.52994
      objectReference: {fileID: 0}
    - target: {fileID: -7653355611519181623, guid: 10c5296444f04f843a532da43b707b1c,
        type: 3}
      propertyPath: m_TagString
      value: DestructibleObstacle
      objectReference: {fileID: 0}
    - target: {fileID: -7653355611519181623, guid: 10c5296444f04f843a532da43b707b1c,
        type: 3}
      propertyPath: m_Layer
      value: 9
      objectReference: {fileID: 0}
    - target: {fileID: -3564456317478715616, guid: 10c5296444f04f843a532da43b707b1c,
        type: 3}
      propertyPath: m_TagString
      value: DestructibleObstacle
      objectReference: {fileID: 0}
    - target: {fileID: -3564456317478715616, guid: 10c5296444f04f843a532da43b707b1c,
        type: 3}
      propertyPath: m_Layer
      value: 9
      objectReference: {fileID: 0}
    - target: {fileID: -1619852730277749774, guid: 10c5296444f04f843a532da43b707b1c,
        type: 3}
      propertyPath: m_Layer
      value: 9
      objectReference: {fileID: 0}
    - target: {fileID: -55303680934636487, guid: 10c5296444f04f843a532da43b707b1c,
        type: 3}
      propertyPath: m_Layer
      value: 9
      objectReference: {fileID: 0}
    - target: {fileID: 919132149155446097, guid: 10c5296444f04f843a532da43b707b1c,
        type: 3}
      propertyPath: m_Name
      value: Banc (1)
      objectReference: {fileID: 0}
    - target: {fileID: 3652089911286512673, guid: 10c5296444f04f843a532da43b707b1c,
        type: 3}
      propertyPath: m_TagString
      value: DestructibleObstacle
      objectReference: {fileID: 0}
    - target: {fileID: 3652089911286512673, guid: 10c5296444f04f843a532da43b707b1c,
        type: 3}
      propertyPath: m_Layer
      value: 9
      objectReference: {fileID: 0}
    - target: {fileID: 5852568219319931738, guid: 10c5296444f04f843a532da43b707b1c,
        type: 3}
      propertyPath: m_Layer
      value: 9
      objectReference: {fileID: 0}
    - target: {fileID: 5852568219319931738, guid: 10c5296444f04f843a532da43b707b1c,
        type: 3}
      propertyPath: m_TagString
      value: Sol
      objectReference: {fileID: 0}
    m_RemovedComponents: []
  m_SourcePrefab: {fileID: 100100000, guid: 10c5296444f04f843a532da43b707b1c, type: 3}
--- !u!4 &4669647207507965117 stripped
Transform:
  m_CorrespondingSourceObject: {fileID: -8679921383154817045, guid: 10c5296444f04f843a532da43b707b1c,
    type: 3}
  m_PrefabInstance: {fileID: 5136164169704624982}
  m_PrefabAsset: {fileID: 0}
--- !u!1 &8496470009907801975 stripped
GameObject:
  m_CorrespondingSourceObject: {fileID: 3652089911286512673, guid: 10c5296444f04f843a532da43b707b1c,
    type: 3}
  m_PrefabInstance: {fileID: 5136164169704624982}
  m_PrefabAsset: {fileID: 0}
--- !u!23 &5113267068859719405 stripped
MeshRenderer:
  m_CorrespondingSourceObject: {fileID: -9101023505297486405, guid: 10c5296444f04f843a532da43b707b1c,
    type: 3}
  m_PrefabInstance: {fileID: 5136164169704624982}
  m_PrefabAsset: {fileID: 0}
--- !u!1 &1621064762305232908 stripped
GameObject:
  m_CorrespondingSourceObject: {fileID: 5852568219319931738, guid: 10c5296444f04f843a532da43b707b1c,
    type: 3}
  m_PrefabInstance: {fileID: 5136164169704624982}
  m_PrefabAsset: {fileID: 0}
--- !u!23 &1938503754203984404 stripped
MeshRenderer:
  m_CorrespondingSourceObject: {fileID: -2476521310075510462, guid: 10c5296444f04f843a532da43b707b1c,
    type: 3}
  m_PrefabInstance: {fileID: 5136164169704624982}
  m_PrefabAsset: {fileID: 0}
--- !u!23 &3044748447067223874 stripped
MeshRenderer:
  m_CorrespondingSourceObject: {fileID: -1367321267404250092, guid: 10c5296444f04f843a532da43b707b1c,
    type: 3}
  m_PrefabInstance: {fileID: 5136164169704624982}
  m_PrefabAsset: {fileID: 0}
--- !u!23 &3688013809386134524 stripped
MeshRenderer:
  m_CorrespondingSourceObject: {fileID: -835093252533696342, guid: 10c5296444f04f843a532da43b707b1c,
    type: 3}
  m_PrefabInstance: {fileID: 5136164169704624982}
  m_PrefabAsset: {fileID: 0}
--- !u!23 &1663185844457323224 stripped
MeshRenderer:
  m_CorrespondingSourceObject: {fileID: 5788111435829832078, guid: 10c5296444f04f843a532da43b707b1c,
    type: 3}
  m_PrefabInstance: {fileID: 5136164169704624982}
  m_PrefabAsset: {fileID: 0}
--- !u!23 &71690070071472522 stripped
MeshRenderer:
  m_CorrespondingSourceObject: {fileID: 5168412343647675100, guid: 10c5296444f04f843a532da43b707b1c,
    type: 3}
  m_PrefabInstance: {fileID: 5136164169704624982}
  m_PrefabAsset: {fileID: 0}
