%YAML 1.1
%TAG !u! tag:unity3d.com,2011:
--- !u!205 &2158887087303571797
LODGroup:
  m_ObjectHideFlags: 0
  m_CorrespondingSourceObject: {fileID: 0}
  m_PrefabInstance: {fileID: 0}
  m_PrefabAsset: {fileID: 0}
  m_GameObject: {fileID: 1239758252789793803}
  serializedVersion: 2
  m_LocalReferencePoint: {x: 0.000572443, y: 1.826288, z: -0.018461227}
  m_Size: 4.4592013
  m_FadeMode: 0
  m_AnimateCrossFading: 0
  m_LastLODIsBillboard: 0
  m_LODs:
  - screenRelativeHeight: 0.027727379
    fadeTransitionWidth: 0
    renderers:
    - renderer: {fileID: 3469544762413429135}
  - screenRelativeHeight: 0.003993374
    fadeTransitionWidth: 0
    renderers:
    - renderer: {fileID: 6694285332501341123}
  m_Enabled: 1
--- !u!1 &2158887087787242585
GameObject:
  m_ObjectHideFlags: 0
  m_CorrespondingSourceObject: {fileID: 0}
  m_PrefabInstance: {fileID: 0}
  m_PrefabAsset: {fileID: 0}
  serializedVersion: 6
  m_Component:
  - component: {fileID: 2158887087787242584}
  m_Layer: 0
  m_Name: DrapeauVitesse
  m_TagString: Untagged
  m_Icon: {fileID: 0}
  m_NavMeshLayer: 0
  m_StaticEditorFlags: 0
  m_IsActive: 1
--- !u!4 &2158887087787242584
Transform:
  m_ObjectHideFlags: 0
  m_CorrespondingSourceObject: {fileID: 0}
  m_PrefabInstance: {fileID: 0}
  m_PrefabAsset: {fileID: 0}
  m_GameObject: {fileID: 2158887087787242585}
  m_LocalRotation: {x: 0, y: 0, z: 0, w: 1}
  m_LocalPosition: {x: 0, y: 0, z: 0}
  m_LocalScale: {x: 1, y: 1, z: 1}
  m_Children:
  - {fileID: 1909333979443846833}
  m_Father: {fileID: 0}
  m_RootOrder: 0
  m_LocalEulerAnglesHint: {x: 0, y: 0, z: 0}
--- !u!1001 &2158887087303571802
PrefabInstance:
  m_ObjectHideFlags: 0
  serializedVersion: 2
  m_Modification:
    m_TransformParent: {fileID: 2158887087787242584}
    m_Modifications:
    - target: {fileID: -8679921383154817045, guid: faa33af21821eaa45a6b35b3f4745961,
        type: 3}
      propertyPath: m_LocalPosition.x
      value: 0
      objectReference: {fileID: 0}
    - target: {fileID: -8679921383154817045, guid: faa33af21821eaa45a6b35b3f4745961,
        type: 3}
      propertyPath: m_LocalPosition.y
      value: 0
      objectReference: {fileID: 0}
    - target: {fileID: -8679921383154817045, guid: faa33af21821eaa45a6b35b3f4745961,
        type: 3}
      propertyPath: m_LocalPosition.z
      value: 0
      objectReference: {fileID: 0}
    - target: {fileID: -8679921383154817045, guid: faa33af21821eaa45a6b35b3f4745961,
        type: 3}
      propertyPath: m_LocalRotation.x
      value: -0
      objectReference: {fileID: 0}
    - target: {fileID: -8679921383154817045, guid: faa33af21821eaa45a6b35b3f4745961,
        type: 3}
      propertyPath: m_LocalRotation.y
      value: -0
      objectReference: {fileID: 0}
    - target: {fileID: -8679921383154817045, guid: faa33af21821eaa45a6b35b3f4745961,
        type: 3}
      propertyPath: m_LocalRotation.z
      value: -0
      objectReference: {fileID: 0}
    - target: {fileID: -8679921383154817045, guid: faa33af21821eaa45a6b35b3f4745961,
        type: 3}
      propertyPath: m_LocalRotation.w
      value: 1
      objectReference: {fileID: 0}
    - target: {fileID: -8679921383154817045, guid: faa33af21821eaa45a6b35b3f4745961,
        type: 3}
      propertyPath: m_RootOrder
      value: 0
      objectReference: {fileID: 0}
    - target: {fileID: -8679921383154817045, guid: faa33af21821eaa45a6b35b3f4745961,
        type: 3}
      propertyPath: m_LocalEulerAnglesHint.x
      value: 0
      objectReference: {fileID: 0}
    - target: {fileID: -8679921383154817045, guid: faa33af21821eaa45a6b35b3f4745961,
        type: 3}
      propertyPath: m_LocalEulerAnglesHint.y
      value: 0
      objectReference: {fileID: 0}
    - target: {fileID: -8679921383154817045, guid: faa33af21821eaa45a6b35b3f4745961,
        type: 3}
      propertyPath: m_LocalEulerAnglesHint.z
      value: 0
      objectReference: {fileID: 0}
    - target: {fileID: -8679921383154817045, guid: faa33af21821eaa45a6b35b3f4745961,
        type: 3}
      propertyPath: m_LocalScale.x
      value: 2.5
      objectReference: {fileID: 0}
    - target: {fileID: -8679921383154817045, guid: faa33af21821eaa45a6b35b3f4745961,
        type: 3}
      propertyPath: m_LocalScale.y
      value: 2.5
      objectReference: {fileID: 0}
    - target: {fileID: -8679921383154817045, guid: faa33af21821eaa45a6b35b3f4745961,
        type: 3}
      propertyPath: m_LocalScale.z
      value: 2.5
      objectReference: {fileID: 0}
    - target: {fileID: -2616817073151494042, guid: faa33af21821eaa45a6b35b3f4745961,
        type: 3}
      propertyPath: m_IsActive
      value: 1
      objectReference: {fileID: 0}
    - target: {fileID: 919132149155446097, guid: faa33af21821eaa45a6b35b3f4745961,
        type: 3}
      propertyPath: m_Name
      value: DrapeauVitesse
      objectReference: {fileID: 0}
    - target: {fileID: 7002276758944229743, guid: faa33af21821eaa45a6b35b3f4745961,
        type: 3}
      propertyPath: m_IsActive
      value: 1
      objectReference: {fileID: 0}
    m_RemovedComponents: []
  m_SourcePrefab: {fileID: 100100000, guid: faa33af21821eaa45a6b35b3f4745961, type: 3}
--- !u!1 &1239758252789793803 stripped
GameObject:
  m_CorrespondingSourceObject: {fileID: 919132149155446097, guid: faa33af21821eaa45a6b35b3f4745961,
    type: 3}
  m_PrefabInstance: {fileID: 2158887087303571802}
  m_PrefabAsset: {fileID: 0}
--- !u!4 &1909333979443846833 stripped
Transform:
  m_CorrespondingSourceObject: {fileID: -8679921383154817045, guid: faa33af21821eaa45a6b35b3f4745961,
    type: 3}
  m_PrefabInstance: {fileID: 2158887087303571802}
  m_PrefabAsset: {fileID: 0}
--- !u!23 &3469544762413429135 stripped
MeshRenderer:
  m_CorrespondingSourceObject: {fileID: 3302164140005525717, guid: faa33af21821eaa45a6b35b3f4745961,
    type: 3}
  m_PrefabInstance: {fileID: 2158887087303571802}
  m_PrefabAsset: {fileID: 0}
--- !u!23 &6694285332501341123 stripped
MeshRenderer:
  m_CorrespondingSourceObject: {fileID: -4534270139822925159, guid: faa33af21821eaa45a6b35b3f4745961,
    type: 3}
  m_PrefabInstance: {fileID: 2158887087303571802}
  m_PrefabAsset: {fileID: 0}
