%YAML 1.1
%TAG !u! tag:unity3d.com,2011:
--- !u!1 &3532831459983413944
GameObject:
  m_ObjectHideFlags: 0
  m_CorrespondingSourceObject: {fileID: 0}
  m_PrefabInstance: {fileID: 0}
  m_PrefabAsset: {fileID: 0}
  serializedVersion: 6
  m_Component:
  - component: {fileID: 3486676955673473750}
  - component: {fileID: 5035557465823889859}
  m_Layer: 10
  m_Name: ObstacleTrigger
  m_TagString: Untagged
  m_Icon: {fileID: 0}
  m_NavMeshLayer: 0
  m_StaticEditorFlags: 0
  m_IsActive: 1
--- !u!4 &3486676955673473750
Transform:
  m_ObjectHideFlags: 0
  m_CorrespondingSourceObject: {fileID: 0}
  m_PrefabInstance: {fileID: 0}
  m_PrefabAsset: {fileID: 0}
  m_GameObject: {fileID: 3532831459983413944}
  m_LocalRotation: {x: -0.7071068, y: 0, z: 0, w: 0.7071068}
  m_LocalPosition: {x: 0, y: 0, z: 0}
  m_LocalScale: {x: 893.41003, y: 893.41003, z: 893.41003}
  m_Children: []
  m_Father: {fileID: 3128580271610682482}
  m_RootOrder: 1
  m_LocalEulerAnglesHint: {x: -90, y: 0, z: 0}
--- !u!64 &5035557465823889859
MeshCollider:
  m_ObjectHideFlags: 0
  m_CorrespondingSourceObject: {fileID: 0}
  m_PrefabInstance: {fileID: 0}
  m_PrefabAsset: {fileID: 0}
  m_GameObject: {fileID: 3532831459983413944}
  m_Material: {fileID: 0}
  m_IsTrigger: 1
  m_Enabled: 1
  serializedVersion: 4
  m_Convex: 1
  m_CookingOptions: 30
  m_Mesh: {fileID: 5026599184318940738, guid: ceef9ab8ee0125d4d876c84ea9de6029, type: 3}
--- !u!1 &8407340906246020333
GameObject:
  m_ObjectHideFlags: 0
  m_CorrespondingSourceObject: {fileID: 0}
  m_PrefabInstance: {fileID: 0}
  m_PrefabAsset: {fileID: 0}
  serializedVersion: 6
  m_Component:
  - component: {fileID: 3128580271610682482}
  - component: {fileID: 613003061}
  m_Layer: 0
  m_Name: Fontaine
  m_TagString: Untagged
  m_Icon: {fileID: 0}
  m_NavMeshLayer: 0
  m_StaticEditorFlags: 0
  m_IsActive: 1
--- !u!4 &3128580271610682482
Transform:
  m_ObjectHideFlags: 0
  m_CorrespondingSourceObject: {fileID: 0}
  m_PrefabInstance: {fileID: 0}
  m_PrefabAsset: {fileID: 0}
  m_GameObject: {fileID: 8407340906246020333}
  m_LocalRotation: {x: 0, y: 0, z: 0, w: 1}
  m_LocalPosition: {x: 0, y: 0, z: 0}
  m_LocalScale: {x: 1, y: 1, z: 1}
  m_Children:
  - {fileID: 4769805457200251960}
  - {fileID: 3486676955673473750}
  - {fileID: 6582564190310329031}
  m_Father: {fileID: 0}
  m_RootOrder: 0
  m_LocalEulerAnglesHint: {x: 0, y: 0, z: 0}
--- !u!205 &613003061
LODGroup:
  m_ObjectHideFlags: 0
  m_CorrespondingSourceObject: {fileID: 0}
  m_PrefabInstance: {fileID: 0}
  m_PrefabAsset: {fileID: 0}
  m_GameObject: {fileID: 8407340906246020333}
  serializedVersion: 2
  m_LocalReferencePoint: {x: 0, y: 3.9136555, z: 0}
  m_Size: 18.014463
  m_FadeMode: 0
  m_AnimateCrossFading: 0
  m_LastLODIsBillboard: 0
  m_LODs:
  - screenRelativeHeight: 0.020202352
    fadeTransitionWidth: 0
    renderers:
    - renderer: {fileID: 0}
    - renderer: {fileID: 1691849302088034570}
    - renderer: {fileID: 1763932353865251212}
  - screenRelativeHeight: 0.0049425284
    fadeTransitionWidth: 0
    renderers:
    - renderer: {fileID: 0}
    - renderer: {fileID: 3117127177482358300}
    - renderer: {fileID: 5713038139281445490}
  m_Enabled: 1
--- !u!1001 &5024743639546946515
PrefabInstance:
  m_ObjectHideFlags: 0
  serializedVersion: 2
  m_Modification:
    m_TransformParent: {fileID: 3128580271610682482}
    m_Modifications:
    - target: {fileID: -8679921383154817045, guid: ceef9ab8ee0125d4d876c84ea9de6029,
        type: 3}
      propertyPath: m_LocalPosition.x
      value: 0
      objectReference: {fileID: 0}
    - target: {fileID: -8679921383154817045, guid: ceef9ab8ee0125d4d876c84ea9de6029,
        type: 3}
      propertyPath: m_LocalPosition.y
      value: 0
      objectReference: {fileID: 0}
    - target: {fileID: -8679921383154817045, guid: ceef9ab8ee0125d4d876c84ea9de6029,
        type: 3}
      propertyPath: m_LocalPosition.z
      value: 0
      objectReference: {fileID: 0}
    - target: {fileID: -8679921383154817045, guid: ceef9ab8ee0125d4d876c84ea9de6029,
        type: 3}
      propertyPath: m_LocalRotation.x
      value: 0
      objectReference: {fileID: 0}
    - target: {fileID: -8679921383154817045, guid: ceef9ab8ee0125d4d876c84ea9de6029,
        type: 3}
      propertyPath: m_LocalRotation.y
      value: 0
      objectReference: {fileID: 0}
    - target: {fileID: -8679921383154817045, guid: ceef9ab8ee0125d4d876c84ea9de6029,
        type: 3}
      propertyPath: m_LocalRotation.z
      value: 0
      objectReference: {fileID: 0}
    - target: {fileID: -8679921383154817045, guid: ceef9ab8ee0125d4d876c84ea9de6029,
        type: 3}
      propertyPath: m_LocalRotation.w
      value: 1
      objectReference: {fileID: 0}
    - target: {fileID: -8679921383154817045, guid: ceef9ab8ee0125d4d876c84ea9de6029,
        type: 3}
      propertyPath: m_RootOrder
      value: 0
      objectReference: {fileID: 0}
    - target: {fileID: -8679921383154817045, guid: ceef9ab8ee0125d4d876c84ea9de6029,
        type: 3}
      propertyPath: m_LocalEulerAnglesHint.x
      value: 0
      objectReference: {fileID: 0}
    - target: {fileID: -8679921383154817045, guid: ceef9ab8ee0125d4d876c84ea9de6029,
        type: 3}
      propertyPath: m_LocalEulerAnglesHint.y
      value: 0
      objectReference: {fileID: 0}
    - target: {fileID: -8679921383154817045, guid: ceef9ab8ee0125d4d876c84ea9de6029,
        type: 3}
      propertyPath: m_LocalEulerAnglesHint.z
      value: 0
      objectReference: {fileID: 0}
    - target: {fileID: -8434203763744935519, guid: ceef9ab8ee0125d4d876c84ea9de6029,
        type: 3}
      propertyPath: m_Materials.Array.data[0]
      value: 
      objectReference: {fileID: 2100000, guid: 448fe0539001e984e85618db72e9391e, type: 2}
    - target: {fileID: -6989989435266062387, guid: ceef9ab8ee0125d4d876c84ea9de6029,
        type: 3}
      propertyPath: m_Layer
      value: 9
      objectReference: {fileID: 0}
    - target: {fileID: -6989989435266062387, guid: ceef9ab8ee0125d4d876c84ea9de6029,
        type: 3}
      propertyPath: m_TagString
      value: NoDestructibleObstacle
      objectReference: {fileID: 0}
    - target: {fileID: 27821770128390978, guid: ceef9ab8ee0125d4d876c84ea9de6029,
        type: 3}
      propertyPath: m_Layer
      value: 9
      objectReference: {fileID: 0}
    - target: {fileID: 27821770128390978, guid: ceef9ab8ee0125d4d876c84ea9de6029,
        type: 3}
      propertyPath: m_TagString
      value: SolGlace
      objectReference: {fileID: 0}
    - target: {fileID: 919132149155446097, guid: ceef9ab8ee0125d4d876c84ea9de6029,
        type: 3}
      propertyPath: m_Name
      value: FontaineSego
      objectReference: {fileID: 0}
    - target: {fileID: 919132149155446097, guid: ceef9ab8ee0125d4d876c84ea9de6029,
        type: 3}
      propertyPath: m_TagString
      value: NoDestructibleObstacle
      objectReference: {fileID: 0}
    - target: {fileID: 919132149155446097, guid: ceef9ab8ee0125d4d876c84ea9de6029,
        type: 3}
      propertyPath: m_Layer
      value: 9
      objectReference: {fileID: 0}
    - target: {fileID: 6755899265818401375, guid: ceef9ab8ee0125d4d876c84ea9de6029,
        type: 3}
      propertyPath: m_Materials.Array.data[0]
      value: 
      objectReference: {fileID: 2100000, guid: 448fe0539001e984e85618db72e9391e, type: 2}
    - target: {fileID: 7024856118872069714, guid: ceef9ab8ee0125d4d876c84ea9de6029,
        type: 3}
      propertyPath: m_Layer
      value: 9
      objectReference: {fileID: 0}
    - target: {fileID: 7146740518939913700, guid: ceef9ab8ee0125d4d876c84ea9de6029,
        type: 3}
      propertyPath: m_Layer
      value: 9
      objectReference: {fileID: 0}
    - target: {fileID: 7146740518939913700, guid: ceef9ab8ee0125d4d876c84ea9de6029,
        type: 3}
      propertyPath: m_TagString
      value: SolGlace
      objectReference: {fileID: 0}
    m_RemovedComponents:
    - {fileID: 4742473837712756890, guid: ceef9ab8ee0125d4d876c84ea9de6029, type: 3}
  m_SourcePrefab: {fileID: 100100000, guid: ceef9ab8ee0125d4d876c84ea9de6029, type: 3}
--- !u!4 &4769805457200251960 stripped
Transform:
  m_CorrespondingSourceObject: {fileID: -8679921383154817045, guid: ceef9ab8ee0125d4d876c84ea9de6029,
    type: 3}
  m_PrefabInstance: {fileID: 5024743639546946515}
  m_PrefabAsset: {fileID: 0}
--- !u!23 &1691849302088034570 stripped
MeshRenderer:
  m_CorrespondingSourceObject: {fileID: 5963291809058278105, guid: ceef9ab8ee0125d4d876c84ea9de6029,
    type: 3}
  m_PrefabInstance: {fileID: 5024743639546946515}
  m_PrefabAsset: {fileID: 0}
--- !u!23 &1763932353865251212 stripped
MeshRenderer:
  m_CorrespondingSourceObject: {fileID: 6755899265818401375, guid: ceef9ab8ee0125d4d876c84ea9de6029,
    type: 3}
  m_PrefabInstance: {fileID: 5024743639546946515}
  m_PrefabAsset: {fileID: 0}
--- !u!23 &3117127177482358300 stripped
MeshRenderer:
  m_CorrespondingSourceObject: {fileID: 7996487557021183439, guid: ceef9ab8ee0125d4d876c84ea9de6029,
    type: 3}
  m_PrefabInstance: {fileID: 5024743639546946515}
  m_PrefabAsset: {fileID: 0}
--- !u!23 &5713038139281445490 stripped
MeshRenderer:
  m_CorrespondingSourceObject: {fileID: -8434203763744935519, guid: ceef9ab8ee0125d4d876c84ea9de6029,
    type: 3}
  m_PrefabInstance: {fileID: 5024743639546946515}
  m_PrefabAsset: {fileID: 0}
--- !u!1001 &6270376819898285431
PrefabInstance:
  m_ObjectHideFlags: 0
  serializedVersion: 2
  m_Modification:
    m_TransformParent: {fileID: 3128580271610682482}
    m_Modifications:
    - target: {fileID: 890918053104457648, guid: 30d3f45f69cad3d4b8d62e42e76d9205,
        type: 3}
      propertyPath: m_LocalPosition.x
      value: -0.09
      objectReference: {fileID: 0}
    - target: {fileID: 890918053104457648, guid: 30d3f45f69cad3d4b8d62e42e76d9205,
        type: 3}
      propertyPath: m_LocalPosition.y
      value: 7.72
      objectReference: {fileID: 0}
    - target: {fileID: 890918053104457648, guid: 30d3f45f69cad3d4b8d62e42e76d9205,
        type: 3}
      propertyPath: m_LocalPosition.z
      value: -0.07
      objectReference: {fileID: 0}
    - target: {fileID: 890918053104457648, guid: 30d3f45f69cad3d4b8d62e42e76d9205,
        type: 3}
      propertyPath: m_LocalRotation.x
      value: -0
      objectReference: {fileID: 0}
    - target: {fileID: 890918053104457648, guid: 30d3f45f69cad3d4b8d62e42e76d9205,
        type: 3}
      propertyPath: m_LocalRotation.y
      value: -0
      objectReference: {fileID: 0}
    - target: {fileID: 890918053104457648, guid: 30d3f45f69cad3d4b8d62e42e76d9205,
        type: 3}
      propertyPath: m_LocalRotation.z
      value: -0
      objectReference: {fileID: 0}
    - target: {fileID: 890918053104457648, guid: 30d3f45f69cad3d4b8d62e42e76d9205,
        type: 3}
      propertyPath: m_LocalRotation.w
      value: 1
      objectReference: {fileID: 0}
    - target: {fileID: 890918053104457648, guid: 30d3f45f69cad3d4b8d62e42e76d9205,
        type: 3}
      propertyPath: m_RootOrder
      value: 2
      objectReference: {fileID: 0}
    - target: {fileID: 890918053104457648, guid: 30d3f45f69cad3d4b8d62e42e76d9205,
        type: 3}
      propertyPath: m_LocalEulerAnglesHint.x
      value: 0
      objectReference: {fileID: 0}
    - target: {fileID: 890918053104457648, guid: 30d3f45f69cad3d4b8d62e42e76d9205,
        type: 3}
      propertyPath: m_LocalEulerAnglesHint.y
      value: 0
      objectReference: {fileID: 0}
    - target: {fileID: 890918053104457648, guid: 30d3f45f69cad3d4b8d62e42e76d9205,
        type: 3}
      propertyPath: m_LocalEulerAnglesHint.z
      value: 0
      objectReference: {fileID: 0}
    - target: {fileID: 890918053104457650, guid: 30d3f45f69cad3d4b8d62e42e76d9205,
        type: 3}
      propertyPath: m_Materials.Array.data[0]
      value: 
      objectReference: {fileID: 0}
    - target: {fileID: 890918053104457650, guid: 30d3f45f69cad3d4b8d62e42e76d9205,
        type: 3}
      propertyPath: m_Enabled
      value: 1
      objectReference: {fileID: 0}
    - target: {fileID: 890918053104457651, guid: 30d3f45f69cad3d4b8d62e42e76d9205,
        type: 3}
      propertyPath: m_Name
      value: FontaineJet
      objectReference: {fileID: 0}
    - target: {fileID: 890918053104457651, guid: 30d3f45f69cad3d4b8d62e42e76d9205,
        type: 3}
      propertyPath: m_IsActive
      value: 1
      objectReference: {fileID: 0}
    m_RemovedComponents: []
  m_SourcePrefab: {fileID: 100100000, guid: 30d3f45f69cad3d4b8d62e42e76d9205, type: 3}
--- !u!4 &6582564190310329031 stripped
Transform:
  m_CorrespondingSourceObject: {fileID: 890918053104457648, guid: 30d3f45f69cad3d4b8d62e42e76d9205,
    type: 3}
  m_PrefabInstance: {fileID: 6270376819898285431}
  m_PrefabAsset: {fileID: 0}
