%YAML 1.1
%TAG !u! tag:unity3d.com,2011:
--- !u!64 &2605331710398515474
MeshCollider:
  m_ObjectHideFlags: 0
  m_CorrespondingSourceObject: {fileID: 0}
  m_PrefabInstance: {fileID: 0}
  m_PrefabAsset: {fileID: 0}
  m_GameObject: {fileID: 4303943029085944124}
  m_Material: {fileID: 0}
  m_IsTrigger: 0
  m_Enabled: 1
  serializedVersion: 4
  m_Convex: 0
  m_CookingOptions: 30
  m_Mesh: {fileID: 9059427280432415733, guid: db0dbed639c3f6e4ca8dfd197133cc10, type: 3}
--- !u!1 &2065738709718484269
GameObject:
  m_ObjectHideFlags: 0
  m_CorrespondingSourceObject: {fileID: 0}
  m_PrefabInstance: {fileID: 0}
  m_PrefabAsset: {fileID: 0}
  serializedVersion: 6
  m_Component:
  - component: {fileID: 2649106059225353477}
  - component: {fileID: 3033103640009942952}
  - component: {fileID: 7809768836430886755}
  - component: {fileID: 1849703519}
  m_Layer: 11
  m_Name: Lampadaire
  m_TagString: DestructibleObstacle
  m_Icon: {fileID: 0}
  m_NavMeshLayer: 0
  m_StaticEditorFlags: 0
  m_IsActive: 1
--- !u!4 &2649106059225353477
Transform:
  m_ObjectHideFlags: 0
  m_CorrespondingSourceObject: {fileID: 0}
  m_PrefabInstance: {fileID: 0}
  m_PrefabAsset: {fileID: 0}
  m_GameObject: {fileID: 2065738709718484269}
  m_LocalRotation: {x: 0, y: 0, z: 0, w: 1}
  m_LocalPosition: {x: 0, y: 0, z: 0}
  m_LocalScale: {x: 1, y: 1, z: 1}
  m_Children:
  - {fileID: 5119526601715775623}
  - {fileID: 543450651703599389}
  - {fileID: 5446279060478938689}
  m_Father: {fileID: 0}
  m_RootOrder: 0
  m_LocalEulerAnglesHint: {x: 0, y: 0, z: 0}
--- !u!114 &3033103640009942952
MonoBehaviour:
  m_ObjectHideFlags: 0
  m_CorrespondingSourceObject: {fileID: 0}
  m_PrefabInstance: {fileID: 0}
  m_PrefabAsset: {fileID: 0}
  m_GameObject: {fileID: 2065738709718484269}
  m_Enabled: 1
  m_EditorHideFlags: 0
  m_Script: {fileID: 11500000, guid: a8e642bc047967b49b9d04d94ddf045a, type: 3}
  m_Name: 
  m_EditorClassIdentifier: 
  isATree: 0
  isAStalactite: 0
  isFlying: 0
--- !u!54 &7809768836430886755
Rigidbody:
  m_ObjectHideFlags: 0
  m_CorrespondingSourceObject: {fileID: 0}
  m_PrefabInstance: {fileID: 0}
  m_PrefabAsset: {fileID: 0}
  m_GameObject: {fileID: 2065738709718484269}
  serializedVersion: 2
  m_Mass: 1
  m_Drag: 0
  m_AngularDrag: 0.05
  m_UseGravity: 1
  m_IsKinematic: 1
  m_Interpolate: 0
  m_Constraints: 0
  m_CollisionDetection: 0
--- !u!205 &1849703519
LODGroup:
  m_ObjectHideFlags: 0
  m_CorrespondingSourceObject: {fileID: 0}
  m_PrefabInstance: {fileID: 0}
  m_PrefabAsset: {fileID: 0}
  m_GameObject: {fileID: 2065738709718484269}
  serializedVersion: 2
  m_LocalReferencePoint: {x: 0.00000023841858, y: 4.85724, z: 2.511772}
  m_Size: 9.774257
  m_FadeMode: 1
  m_AnimateCrossFading: 0
  m_LastLODIsBillboard: 0
  m_LODs:
  - screenRelativeHeight: 0.031353764
    fadeTransitionWidth: 0
    renderers:
    - renderer: {fileID: 7794412493128763209}
    - renderer: {fileID: 1272010963077731519}
  - screenRelativeHeight: 0.0070884405
    fadeTransitionWidth: 0
    renderers:
    - renderer: {fileID: 640097612807730018}
    - renderer: {fileID: 1110393479608475330}
  m_Enabled: 1
--- !u!1 &6432778703097416147
GameObject:
  m_ObjectHideFlags: 0
  m_CorrespondingSourceObject: {fileID: 0}
  m_PrefabInstance: {fileID: 0}
  m_PrefabAsset: {fileID: 0}
  serializedVersion: 6
  m_Component:
  - component: {fileID: 5446279060478938689}
  - component: {fileID: 6655728650771509496}
  m_Layer: 0
  m_Name: Spot Light
  m_TagString: Untagged
  m_Icon: {fileID: 0}
  m_NavMeshLayer: 0
  m_StaticEditorFlags: 0
  m_IsActive: 1
--- !u!4 &5446279060478938689
Transform:
  m_ObjectHideFlags: 0
  m_CorrespondingSourceObject: {fileID: 0}
  m_PrefabInstance: {fileID: 0}
  m_PrefabAsset: {fileID: 0}
  m_GameObject: {fileID: 6432778703097416147}
  m_LocalRotation: {x: 0.7071068, y: 0, z: 0, w: 0.7071068}
  m_LocalPosition: {x: 0, y: 4.84, z: 4.07}
  m_LocalScale: {x: 1, y: 1, z: 1}
  m_Children: []
  m_Father: {fileID: 2649106059225353477}
  m_RootOrder: 2
  m_LocalEulerAnglesHint: {x: 90, y: 0, z: 0}
--- !u!108 &6655728650771509496
Light:
  m_ObjectHideFlags: 0
  m_CorrespondingSourceObject: {fileID: 0}
  m_PrefabInstance: {fileID: 0}
  m_PrefabAsset: {fileID: 0}
  m_GameObject: {fileID: 6432778703097416147}
  m_Enabled: 1
  serializedVersion: 10
  m_Type: 0
  m_Shape: 0
  m_Color: {r: 1, g: 0.88000596, b: 0.7028302, a: 1}
  m_Intensity: 14.9
  m_Range: 28.2
  m_SpotAngle: 153.66943
  m_InnerSpotAngle: 112.466
  m_CookieSize: 10
  m_Shadows:
    m_Type: 2
    m_Resolution: -1
    m_CustomResolution: -1
    m_Strength: 1
    m_Bias: 0.02
    m_NormalBias: 0.1
    m_NearPlane: 0.1
    m_CullingMatrixOverride:
      e00: 1
      e01: 0
      e02: 0
      e03: 0
      e10: 0
      e11: 1
      e12: 0
      e13: 0
      e20: 0
      e21: 0
      e22: 1
      e23: 0
      e30: 0
      e31: 0
      e32: 0
      e33: 1
    m_UseCullingMatrixOverride: 0
  m_Cookie: {fileID: 0}
  m_DrawHalo: 0
  m_Flare: {fileID: 0}
  m_RenderMode: 0
  m_CullingMask:
    serializedVersion: 2
    m_Bits: 4294967295
  m_RenderingLayerMask: 1
  m_Lightmapping: 4
  m_LightShadowCasterMode: 0
  m_AreaSize: {x: 1, y: 1}
  m_BounceIntensity: 23.24
  m_ColorTemperature: 6570
  m_UseColorTemperature: 0
  m_BoundingSphereOverride: {x: 0, y: 0, z: 0, w: 0}
  m_UseBoundingSphereOverride: 0
  m_ShadowRadius: 0
  m_ShadowAngle: 0
--- !u!1 &8178261717556187544
GameObject:
  m_ObjectHideFlags: 0
  m_CorrespondingSourceObject: {fileID: 0}
  m_PrefabInstance: {fileID: 0}
  m_PrefabAsset: {fileID: 0}
  serializedVersion: 6
  m_Component:
  - component: {fileID: 5119526601715775623}
  - component: {fileID: 7545125334780749595}
  m_Layer: 10
  m_Name: ObstacleTrigger
  m_TagString: DestructibleObstacle
  m_Icon: {fileID: 0}
  m_NavMeshLayer: 0
  m_StaticEditorFlags: 0
  m_IsActive: 1
--- !u!4 &5119526601715775623
Transform:
  m_ObjectHideFlags: 0
  m_CorrespondingSourceObject: {fileID: 0}
  m_PrefabInstance: {fileID: 0}
  m_PrefabAsset: {fileID: 0}
  m_GameObject: {fileID: 8178261717556187544}
  m_LocalRotation: {x: -0.7071068, y: -0, z: -0, w: 0.7071068}
  m_LocalPosition: {x: 0, y: 0, z: 0}
  m_LocalScale: {x: 100, y: 100, z: 100}
  m_Children: []
  m_Father: {fileID: 2649106059225353477}
  m_RootOrder: 0
  m_LocalEulerAnglesHint: {x: -90, y: 0, z: 0}
--- !u!64 &7545125334780749595
MeshCollider:
  m_ObjectHideFlags: 0
  m_CorrespondingSourceObject: {fileID: 0}
  m_PrefabInstance: {fileID: 0}
  m_PrefabAsset: {fileID: 0}
  m_GameObject: {fileID: 8178261717556187544}
  m_Material: {fileID: 0}
  m_IsTrigger: 1
  m_Enabled: 1
  serializedVersion: 4
  m_Convex: 1
  m_CookingOptions: 30
  m_Mesh: {fileID: 325406361804784750, guid: db0dbed639c3f6e4ca8dfd197133cc10, type: 3}
--- !u!1001 &2030175990
PrefabInstance:
  m_ObjectHideFlags: 0
  serializedVersion: 2
  m_Modification:
    m_TransformParent: {fileID: 2649106059225353477}
    m_Modifications:
    - target: {fileID: -8679921383154817045, guid: db0dbed639c3f6e4ca8dfd197133cc10,
        type: 3}
      propertyPath: m_LocalPosition.x
      value: 0
      objectReference: {fileID: 0}
    - target: {fileID: -8679921383154817045, guid: db0dbed639c3f6e4ca8dfd197133cc10,
        type: 3}
      propertyPath: m_LocalPosition.y
      value: 0
      objectReference: {fileID: 0}
    - target: {fileID: -8679921383154817045, guid: db0dbed639c3f6e4ca8dfd197133cc10,
        type: 3}
      propertyPath: m_LocalPosition.z
      value: 0
      objectReference: {fileID: 0}
    - target: {fileID: -8679921383154817045, guid: db0dbed639c3f6e4ca8dfd197133cc10,
        type: 3}
      propertyPath: m_LocalRotation.x
      value: 0
      objectReference: {fileID: 0}
    - target: {fileID: -8679921383154817045, guid: db0dbed639c3f6e4ca8dfd197133cc10,
        type: 3}
      propertyPath: m_LocalRotation.y
      value: 0
      objectReference: {fileID: 0}
    - target: {fileID: -8679921383154817045, guid: db0dbed639c3f6e4ca8dfd197133cc10,
        type: 3}
      propertyPath: m_LocalRotation.z
      value: 0
      objectReference: {fileID: 0}
    - target: {fileID: -8679921383154817045, guid: db0dbed639c3f6e4ca8dfd197133cc10,
        type: 3}
      propertyPath: m_LocalRotation.w
      value: 1
      objectReference: {fileID: 0}
    - target: {fileID: -8679921383154817045, guid: db0dbed639c3f6e4ca8dfd197133cc10,
        type: 3}
      propertyPath: m_RootOrder
      value: 1
      objectReference: {fileID: 0}
    - target: {fileID: -8679921383154817045, guid: db0dbed639c3f6e4ca8dfd197133cc10,
        type: 3}
      propertyPath: m_LocalEulerAnglesHint.x
      value: 0
      objectReference: {fileID: 0}
    - target: {fileID: -8679921383154817045, guid: db0dbed639c3f6e4ca8dfd197133cc10,
        type: 3}
      propertyPath: m_LocalEulerAnglesHint.y
      value: 0
      objectReference: {fileID: 0}
    - target: {fileID: -8679921383154817045, guid: db0dbed639c3f6e4ca8dfd197133cc10,
        type: 3}
      propertyPath: m_LocalEulerAnglesHint.z
      value: 0
      objectReference: {fileID: 0}
    - target: {fileID: -7483807131235026070, guid: db0dbed639c3f6e4ca8dfd197133cc10,
        type: 3}
      propertyPath: m_TagString
      value: DestructibleObstacle
      objectReference: {fileID: 0}
    - target: {fileID: -7483807131235026070, guid: db0dbed639c3f6e4ca8dfd197133cc10,
        type: 3}
      propertyPath: m_Layer
      value: 9
      objectReference: {fileID: 0}
    - target: {fileID: -2915493935472112036, guid: db0dbed639c3f6e4ca8dfd197133cc10,
        type: 3}
      propertyPath: m_TagString
      value: DestructibleObstacle
      objectReference: {fileID: 0}
    - target: {fileID: -2915493935472112036, guid: db0dbed639c3f6e4ca8dfd197133cc10,
        type: 3}
      propertyPath: m_Layer
      value: 9
      objectReference: {fileID: 0}
    - target: {fileID: -1504281451516861549, guid: db0dbed639c3f6e4ca8dfd197133cc10,
        type: 3}
      propertyPath: m_TagString
      value: DestructibleObstacle
      objectReference: {fileID: 0}
    - target: {fileID: -1504281451516861549, guid: db0dbed639c3f6e4ca8dfd197133cc10,
        type: 3}
      propertyPath: m_Layer
      value: 9
      objectReference: {fileID: 0}
    - target: {fileID: 919132149155446097, guid: db0dbed639c3f6e4ca8dfd197133cc10,
        type: 3}
      propertyPath: m_Name
      value: Lampadaire (1)
      objectReference: {fileID: 0}
    - target: {fileID: 1223677549184911603, guid: db0dbed639c3f6e4ca8dfd197133cc10,
        type: 3}
      propertyPath: m_LocalScale.x
      value: 70
      objectReference: {fileID: 0}
    - target: {fileID: 1223677549184911603, guid: db0dbed639c3f6e4ca8dfd197133cc10,
        type: 3}
      propertyPath: m_LocalScale.y
      value: 70
      objectReference: {fileID: 0}
    - target: {fileID: 1223677549184911603, guid: db0dbed639c3f6e4ca8dfd197133cc10,
        type: 3}
      propertyPath: m_LocalScale.z
      value: 70
      objectReference: {fileID: 0}
    - target: {fileID: 1830863570294646975, guid: db0dbed639c3f6e4ca8dfd197133cc10,
        type: 3}
      propertyPath: m_LocalScale.x
      value: 70
      objectReference: {fileID: 0}
    - target: {fileID: 1830863570294646975, guid: db0dbed639c3f6e4ca8dfd197133cc10,
        type: 3}
      propertyPath: m_LocalScale.y
      value: 70
      objectReference: {fileID: 0}
    - target: {fileID: 1830863570294646975, guid: db0dbed639c3f6e4ca8dfd197133cc10,
        type: 3}
      propertyPath: m_LocalScale.z
      value: 70
      objectReference: {fileID: 0}
    - target: {fileID: 4303943029505245130, guid: db0dbed639c3f6e4ca8dfd197133cc10,
        type: 3}
      propertyPath: m_TagString
      value: DestructibleObstacle
      objectReference: {fileID: 0}
    - target: {fileID: 4303943029505245130, guid: db0dbed639c3f6e4ca8dfd197133cc10,
        type: 3}
      propertyPath: m_Layer
      value: 9
      objectReference: {fileID: 0}
    - target: {fileID: 8984515736590595625, guid: db0dbed639c3f6e4ca8dfd197133cc10,
        type: 3}
      propertyPath: m_TagString
      value: DestructibleObstacle
      objectReference: {fileID: 0}
    - target: {fileID: 8984515736590595625, guid: db0dbed639c3f6e4ca8dfd197133cc10,
        type: 3}
      propertyPath: m_Layer
      value: 9
      objectReference: {fileID: 0}
    m_RemovedComponents:
    - {fileID: 4742473837712756890, guid: db0dbed639c3f6e4ca8dfd197133cc10, type: 3}
  m_SourcePrefab: {fileID: 100100000, guid: db0dbed639c3f6e4ca8dfd197133cc10, type: 3}
--- !u!4 &543450651703599389 stripped
Transform:
  m_CorrespondingSourceObject: {fileID: -8679921383154817045, guid: db0dbed639c3f6e4ca8dfd197133cc10,
    type: 3}
  m_PrefabInstance: {fileID: 2030175990}
  m_PrefabAsset: {fileID: 0}
--- !u!1 &4303943029085944124 stripped
GameObject:
  m_CorrespondingSourceObject: {fileID: 4303943029505245130, guid: db0dbed639c3f6e4ca8dfd197133cc10,
    type: 3}
  m_PrefabInstance: {fileID: 2030175990}
  m_PrefabAsset: {fileID: 0}
--- !u!23 &7794412493128763209 stripped
MeshRenderer:
  m_CorrespondingSourceObject: {fileID: -1428959543071833665, guid: db0dbed639c3f6e4ca8dfd197133cc10,
    type: 3}
  m_PrefabInstance: {fileID: 2030175990}
  m_PrefabAsset: {fileID: 0}
--- !u!23 &1272010963077731519 stripped
MeshRenderer:
  m_CorrespondingSourceObject: {fileID: 1272010962960159305, guid: db0dbed639c3f6e4ca8dfd197133cc10,
    type: 3}
  m_PrefabInstance: {fileID: 2030175990}
  m_PrefabAsset: {fileID: 0}
--- !u!23 &640097612807730018 stripped
MeshRenderer:
  m_CorrespondingSourceObject: {fileID: 640097613227029908, guid: db0dbed639c3f6e4ca8dfd197133cc10,
    type: 3}
  m_PrefabInstance: {fileID: 2030175990}
  m_PrefabAsset: {fileID: 0}
--- !u!23 &1110393479608475330 stripped
MeshRenderer:
  m_CorrespondingSourceObject: {fileID: -8112978555752998860, guid: db0dbed639c3f6e4ca8dfd197133cc10,
    type: 3}
  m_PrefabInstance: {fileID: 2030175990}
  m_PrefabAsset: {fileID: 0}
