%YAML 1.1
%TAG !u! tag:unity3d.com,2011:
--- !u!1 &5187403261136956849
GameObject:
  m_ObjectHideFlags: 0
  m_CorrespondingSourceObject: {fileID: 0}
  m_PrefabInstance: {fileID: 0}
  m_PrefabAsset: {fileID: 0}
  serializedVersion: 6
  m_Component:
  - component: {fileID: 5187403261136956848}
  - component: {fileID: 8047379150815027104}
  - component: {fileID: 2967999159128037617}
  - component: {fileID: 1109765944}
  m_Layer: 11
  m_Name: Luge
  m_TagString: DestructibleObstacle
  m_Icon: {fileID: 0}
  m_NavMeshLayer: 0
  m_StaticEditorFlags: 0
  m_IsActive: 1
--- !u!4 &5187403261136956848
Transform:
  m_ObjectHideFlags: 0
  m_CorrespondingSourceObject: {fileID: 0}
  m_PrefabInstance: {fileID: 0}
  m_PrefabAsset: {fileID: 0}
  m_GameObject: {fileID: 5187403261136956849}
  m_LocalRotation: {x: 0, y: 0, z: 0, w: 1}
  m_LocalPosition: {x: 0, y: 0, z: 0}
  m_LocalScale: {x: 1, y: 1, z: 1}
  m_Children:
  - {fileID: 691897013199010744}
  - {fileID: 543450653104216272}
  m_Father: {fileID: 0}
  m_RootOrder: 0
  m_LocalEulerAnglesHint: {x: 0, y: 0, z: 0}
--- !u!114 &8047379150815027104
MonoBehaviour:
  m_ObjectHideFlags: 0
  m_CorrespondingSourceObject: {fileID: 0}
  m_PrefabInstance: {fileID: 0}
  m_PrefabAsset: {fileID: 0}
  m_GameObject: {fileID: 5187403261136956849}
  m_Enabled: 1
  m_EditorHideFlags: 0
  m_Script: {fileID: 11500000, guid: a8e642bc047967b49b9d04d94ddf045a, type: 3}
  m_Name: 
  m_EditorClassIdentifier: 
  isATree: 0
  isAStalactite: 0
  isFlying: 0
--- !u!54 &2967999159128037617
Rigidbody:
  m_ObjectHideFlags: 0
  m_CorrespondingSourceObject: {fileID: 0}
  m_PrefabInstance: {fileID: 0}
  m_PrefabAsset: {fileID: 0}
  m_GameObject: {fileID: 5187403261136956849}
  serializedVersion: 2
  m_Mass: 1
  m_Drag: 0
  m_AngularDrag: 0.05
  m_UseGravity: 1
  m_IsKinematic: 1
  m_Interpolate: 0
  m_Constraints: 0
  m_CollisionDetection: 0
--- !u!205 &1109765944
LODGroup:
  m_ObjectHideFlags: 0
  m_CorrespondingSourceObject: {fileID: 0}
  m_PrefabInstance: {fileID: 0}
  m_PrefabAsset: {fileID: 0}
  m_GameObject: {fileID: 5187403261136956849}
  serializedVersion: 2
  m_LocalReferencePoint: {x: -0.08730149, y: 1.8975825, z: 0.5948951}
  m_Size: 7.1483684
  m_FadeMode: 0
  m_AnimateCrossFading: 0
  m_LastLODIsBillboard: 0
  m_LODs:
  - screenRelativeHeight: 0.047645282
    fadeTransitionWidth: 0
    renderers:
    - renderer: {fileID: 8396755000495412994}
  - screenRelativeHeight: 0.018372824
    fadeTransitionWidth: 0
    renderers:
    - renderer: {fileID: 3779363266933362497}
  - screenRelativeHeight: 0.006336454
    fadeTransitionWidth: 0
    renderers:
    - renderer: {fileID: 5417481923590664846}
  m_Enabled: 1
--- !u!1 &5825289713557094160
GameObject:
  m_ObjectHideFlags: 0
  m_CorrespondingSourceObject: {fileID: 0}
  m_PrefabInstance: {fileID: 0}
  m_PrefabAsset: {fileID: 0}
  serializedVersion: 6
  m_Component:
  - component: {fileID: 691897013199010744}
  - component: {fileID: 949450549148900046}
  m_Layer: 10
  m_Name: ObstacleTrigger
  m_TagString: DestructibleObstacle
  m_Icon: {fileID: 0}
  m_NavMeshLayer: 0
  m_StaticEditorFlags: 0
  m_IsActive: 1
--- !u!4 &691897013199010744
Transform:
  m_ObjectHideFlags: 0
  m_CorrespondingSourceObject: {fileID: 0}
  m_PrefabInstance: {fileID: 0}
  m_PrefabAsset: {fileID: 0}
  m_GameObject: {fileID: 5825289713557094160}
  m_LocalRotation: {x: -0.7071067, y: -0.000000030908616, z: 0.000000030908623, w: 0.7071068}
  m_LocalPosition: {x: 0, y: 0, z: 0}
  m_LocalScale: {x: 100, y: 100, z: 100}
  m_Children: []
  m_Father: {fileID: 5187403261136956848}
  m_RootOrder: 0
  m_LocalEulerAnglesHint: {x: 0, y: 0, z: 0}
--- !u!65 &949450549148900046
BoxCollider:
  m_ObjectHideFlags: 0
  m_CorrespondingSourceObject: {fileID: 0}
  m_PrefabInstance: {fileID: 0}
  m_PrefabAsset: {fileID: 0}
  m_GameObject: {fileID: 5825289713557094160}
  m_Material: {fileID: 0}
  m_IsTrigger: 1
  m_Enabled: 1
  serializedVersion: 2
  m_Size: {x: 0.017754946, y: 0.05162438, z: 0.015}
  m_Center: {x: 4.656612e-10, y: 0.00006935185, z: 0.007}
--- !u!64 &7913847301880833559
MeshCollider:
  m_ObjectHideFlags: 0
  m_CorrespondingSourceObject: {fileID: 0}
  m_PrefabInstance: {fileID: 0}
  m_PrefabAsset: {fileID: 0}
  m_GameObject: {fileID: 6515607297626639902}
  m_Material: {fileID: 0}
  m_IsTrigger: 0
  m_Enabled: 1
  serializedVersion: 4
  m_Convex: 0
  m_CookingOptions: 30
  m_Mesh: {fileID: -8144179678360686363, guid: ed576422f65a0b04ba3ad98d57277d54, type: 3}
--- !u!1001 &629571387
PrefabInstance:
  m_ObjectHideFlags: 0
  serializedVersion: 2
  m_Modification:
    m_TransformParent: {fileID: 5187403261136956848}
    m_Modifications:
    - target: {fileID: -8679921383154817045, guid: ed576422f65a0b04ba3ad98d57277d54,
        type: 3}
      propertyPath: m_LocalPosition.x
      value: 0
      objectReference: {fileID: 0}
    - target: {fileID: -8679921383154817045, guid: ed576422f65a0b04ba3ad98d57277d54,
        type: 3}
      propertyPath: m_LocalPosition.y
      value: 0
      objectReference: {fileID: 0}
    - target: {fileID: -8679921383154817045, guid: ed576422f65a0b04ba3ad98d57277d54,
        type: 3}
      propertyPath: m_LocalPosition.z
      value: 0
      objectReference: {fileID: 0}
    - target: {fileID: -8679921383154817045, guid: ed576422f65a0b04ba3ad98d57277d54,
        type: 3}
      propertyPath: m_LocalRotation.x
      value: 0
      objectReference: {fileID: 0}
    - target: {fileID: -8679921383154817045, guid: ed576422f65a0b04ba3ad98d57277d54,
        type: 3}
      propertyPath: m_LocalRotation.y
      value: 0
      objectReference: {fileID: 0}
    - target: {fileID: -8679921383154817045, guid: ed576422f65a0b04ba3ad98d57277d54,
        type: 3}
      propertyPath: m_LocalRotation.z
      value: 0
      objectReference: {fileID: 0}
    - target: {fileID: -8679921383154817045, guid: ed576422f65a0b04ba3ad98d57277d54,
        type: 3}
      propertyPath: m_LocalRotation.w
      value: 1
      objectReference: {fileID: 0}
    - target: {fileID: -8679921383154817045, guid: ed576422f65a0b04ba3ad98d57277d54,
        type: 3}
      propertyPath: m_RootOrder
      value: 1
      objectReference: {fileID: 0}
    - target: {fileID: -8679921383154817045, guid: ed576422f65a0b04ba3ad98d57277d54,
        type: 3}
      propertyPath: m_LocalEulerAnglesHint.x
      value: 0
      objectReference: {fileID: 0}
    - target: {fileID: -8679921383154817045, guid: ed576422f65a0b04ba3ad98d57277d54,
        type: 3}
      propertyPath: m_LocalEulerAnglesHint.y
      value: 0
      objectReference: {fileID: 0}
    - target: {fileID: -8679921383154817045, guid: ed576422f65a0b04ba3ad98d57277d54,
        type: 3}
      propertyPath: m_LocalEulerAnglesHint.z
      value: 0
      objectReference: {fileID: 0}
    - target: {fileID: -8679921383154817045, guid: ed576422f65a0b04ba3ad98d57277d54,
        type: 3}
      propertyPath: m_LocalScale.x
      value: 1.5
      objectReference: {fileID: 0}
    - target: {fileID: -8679921383154817045, guid: ed576422f65a0b04ba3ad98d57277d54,
        type: 3}
      propertyPath: m_LocalScale.y
      value: 1.5
      objectReference: {fileID: 0}
    - target: {fileID: -8679921383154817045, guid: ed576422f65a0b04ba3ad98d57277d54,
        type: 3}
      propertyPath: m_LocalScale.z
      value: 1.5
      objectReference: {fileID: 0}
    - target: {fileID: -8607500084226939722, guid: ed576422f65a0b04ba3ad98d57277d54,
        type: 3}
      propertyPath: m_TagString
      value: DestructibleObstacle
      objectReference: {fileID: 0}
    - target: {fileID: -8607500084226939722, guid: ed576422f65a0b04ba3ad98d57277d54,
        type: 3}
      propertyPath: m_Layer
      value: 9
      objectReference: {fileID: 0}
    - target: {fileID: 919132149155446097, guid: ed576422f65a0b04ba3ad98d57277d54,
        type: 3}
      propertyPath: m_Name
      value: Luge_2
      objectReference: {fileID: 0}
    - target: {fileID: 1721114098354731857, guid: ed576422f65a0b04ba3ad98d57277d54,
        type: 3}
      propertyPath: m_TagString
      value: DestructibleObstacle
      objectReference: {fileID: 0}
    - target: {fileID: 1721114098354731857, guid: ed576422f65a0b04ba3ad98d57277d54,
        type: 3}
      propertyPath: m_Layer
      value: 9
      objectReference: {fileID: 0}
    - target: {fileID: 6515607297031205157, guid: ed576422f65a0b04ba3ad98d57277d54,
        type: 3}
      propertyPath: m_TagString
      value: DestructibleObstacle
      objectReference: {fileID: 0}
    - target: {fileID: 6515607297031205157, guid: ed576422f65a0b04ba3ad98d57277d54,
        type: 3}
      propertyPath: m_Layer
      value: 9
      objectReference: {fileID: 0}
    m_RemovedComponents: []
  m_SourcePrefab: {fileID: 100100000, guid: ed576422f65a0b04ba3ad98d57277d54, type: 3}
--- !u!4 &543450653104216272 stripped
Transform:
  m_CorrespondingSourceObject: {fileID: -8679921383154817045, guid: ed576422f65a0b04ba3ad98d57277d54,
    type: 3}
  m_PrefabInstance: {fileID: 629571387}
  m_PrefabAsset: {fileID: 0}
--- !u!1 &6515607297626639902 stripped
GameObject:
  m_CorrespondingSourceObject: {fileID: 6515607297031205157, guid: ed576422f65a0b04ba3ad98d57277d54,
    type: 3}
  m_PrefabInstance: {fileID: 629571387}
  m_PrefabAsset: {fileID: 0}
--- !u!23 &8396755000495412994 stripped
MeshRenderer:
  m_CorrespondingSourceObject: {fileID: -826617035881060295, guid: ed576422f65a0b04ba3ad98d57277d54,
    type: 3}
  m_PrefabInstance: {fileID: 629571387}
  m_PrefabAsset: {fileID: 0}
--- !u!23 &3779363266933362497 stripped
MeshRenderer:
  m_CorrespondingSourceObject: {fileID: 3779363267546148986, guid: ed576422f65a0b04ba3ad98d57277d54,
    type: 3}
  m_PrefabInstance: {fileID: 629571387}
  m_PrefabAsset: {fileID: 0}
--- !u!23 &5417481923590664846 stripped
MeshRenderer:
  m_CorrespondingSourceObject: {fileID: -3805890112651342411, guid: ed576422f65a0b04ba3ad98d57277d54,
    type: 3}
  m_PrefabInstance: {fileID: 629571387}
  m_PrefabAsset: {fileID: 0}
