%YAML 1.1
%TAG !u! tag:unity3d.com,2011:
--- !u!205 &5639031108314254259
LODGroup:
  m_ObjectHideFlags: 0
  m_CorrespondingSourceObject: {fileID: 0}
  m_PrefabInstance: {fileID: 0}
  m_PrefabAsset: {fileID: 0}
  m_GameObject: {fileID: 5895098548442988451}
  serializedVersion: 2
  m_LocalReferencePoint: {x: 0.021378398, y: 3.315884, z: 0.28397584}
  m_Size: 9.531228
  m_FadeMode: 0
  m_AnimateCrossFading: 0
  m_LastLODIsBillboard: 0
  m_LODs:
  - screenRelativeHeight: 0.048594434
    fadeTransitionWidth: 0
    renderers:
    - renderer: {fileID: 1850223994636372267}
  - screenRelativeHeight: 0.0082852
    fadeTransitionWidth: 0
    renderers:
    - renderer: {fileID: 4244311107874161783}
  m_Enabled: 1
--- !u!1 &6705562104149920727
GameObject:
  m_ObjectHideFlags: 0
  m_CorrespondingSourceObject: {fileID: 0}
  m_PrefabInstance: {fileID: 0}
  m_PrefabAsset: {fileID: 0}
  serializedVersion: 6
  m_Component:
  - component: {fileID: 6705562104149920725}
  - component: {fileID: 8340898090525794603}
  - component: {fileID: 743204834271159683}
  m_Layer: 9
  m_Name: Snowboard
  m_TagString: DestructibleObstacle
  m_Icon: {fileID: 0}
  m_NavMeshLayer: 0
  m_StaticEditorFlags: 0
  m_IsActive: 1
--- !u!4 &6705562104149920725
Transform:
  m_ObjectHideFlags: 0
  m_CorrespondingSourceObject: {fileID: 0}
  m_PrefabInstance: {fileID: 0}
  m_PrefabAsset: {fileID: 0}
  m_GameObject: {fileID: 6705562104149920727}
  m_LocalRotation: {x: 0, y: 0, z: 0, w: 1}
  m_LocalPosition: {x: 0, y: 0, z: 0}
  m_LocalScale: {x: 1, y: 1, z: 1}
  m_Children:
  - {fileID: 6522417642826704153}
  - {fileID: 6705562105083556000}
  m_Father: {fileID: 0}
  m_RootOrder: 0
  m_LocalEulerAnglesHint: {x: 0, y: 0, z: 0}
--- !u!114 &8340898090525794603
MonoBehaviour:
  m_ObjectHideFlags: 0
  m_CorrespondingSourceObject: {fileID: 0}
  m_PrefabInstance: {fileID: 0}
  m_PrefabAsset: {fileID: 0}
  m_GameObject: {fileID: 6705562104149920727}
  m_Enabled: 1
  m_EditorHideFlags: 0
  m_Script: {fileID: 11500000, guid: a8e642bc047967b49b9d04d94ddf045a, type: 3}
  m_Name: 
  m_EditorClassIdentifier: 
  isATree: 0
  isAStalactite: 0
  isFlying: 0
--- !u!54 &743204834271159683
Rigidbody:
  m_ObjectHideFlags: 0
  m_CorrespondingSourceObject: {fileID: 0}
  m_PrefabInstance: {fileID: 0}
  m_PrefabAsset: {fileID: 0}
  m_GameObject: {fileID: 6705562104149920727}
  serializedVersion: 2
  m_Mass: 1
  m_Drag: 0
  m_AngularDrag: 0.05
  m_UseGravity: 1
  m_IsKinematic: 1
  m_Interpolate: 0
  m_Constraints: 0
  m_CollisionDetection: 0
--- !u!1 &6705562105083556001
GameObject:
  m_ObjectHideFlags: 0
  m_CorrespondingSourceObject: {fileID: 0}
  m_PrefabInstance: {fileID: 0}
  m_PrefabAsset: {fileID: 0}
  serializedVersion: 6
  m_Component:
  - component: {fileID: 6705562105083556000}
  - component: {fileID: 1434755062047701170}
  m_Layer: 10
  m_Name: ColliderTrigger
  m_TagString: DestructibleObstacle
  m_Icon: {fileID: 0}
  m_NavMeshLayer: 0
  m_StaticEditorFlags: 0
  m_IsActive: 1
--- !u!4 &6705562105083556000
Transform:
  m_ObjectHideFlags: 0
  m_CorrespondingSourceObject: {fileID: 0}
  m_PrefabInstance: {fileID: 0}
  m_PrefabAsset: {fileID: 0}
  m_GameObject: {fileID: 6705562105083556001}
  m_LocalRotation: {x: 0, y: 0, z: 0, w: 1}
  m_LocalPosition: {x: 0, y: 3.34, z: 0.14}
  m_LocalScale: {x: 1, y: 1, z: 1}
  m_Children: []
  m_Father: {fileID: 6705562104149920725}
  m_RootOrder: 1
  m_LocalEulerAnglesHint: {x: 0, y: 0, z: 0}
--- !u!65 &1434755062047701170
BoxCollider:
  m_ObjectHideFlags: 0
  m_CorrespondingSourceObject: {fileID: 0}
  m_PrefabInstance: {fileID: 0}
  m_PrefabAsset: {fileID: 0}
  m_GameObject: {fileID: 6705562105083556001}
  m_Material: {fileID: 0}
  m_IsTrigger: 0
  m_Enabled: 1
  serializedVersion: 2
  m_Size: {x: 1.78, y: 9.55, z: 1}
  m_Center: {x: 0, y: 0, z: 0}
--- !u!1001 &6705562103187522290
PrefabInstance:
  m_ObjectHideFlags: 0
  serializedVersion: 2
  m_Modification:
    m_TransformParent: {fileID: 6705562104149920725}
    m_Modifications:
    - target: {fileID: -8679921383154817045, guid: 918bc7853e7d7f24e81a7909093cbbd5,
        type: 3}
      propertyPath: m_LocalPosition.x
      value: 0
      objectReference: {fileID: 0}
    - target: {fileID: -8679921383154817045, guid: 918bc7853e7d7f24e81a7909093cbbd5,
        type: 3}
      propertyPath: m_LocalPosition.y
      value: 0
      objectReference: {fileID: 0}
    - target: {fileID: -8679921383154817045, guid: 918bc7853e7d7f24e81a7909093cbbd5,
        type: 3}
      propertyPath: m_LocalPosition.z
      value: 0
      objectReference: {fileID: 0}
    - target: {fileID: -8679921383154817045, guid: 918bc7853e7d7f24e81a7909093cbbd5,
        type: 3}
      propertyPath: m_LocalRotation.x
      value: -0
      objectReference: {fileID: 0}
    - target: {fileID: -8679921383154817045, guid: 918bc7853e7d7f24e81a7909093cbbd5,
        type: 3}
      propertyPath: m_LocalRotation.y
      value: -0
      objectReference: {fileID: 0}
    - target: {fileID: -8679921383154817045, guid: 918bc7853e7d7f24e81a7909093cbbd5,
        type: 3}
      propertyPath: m_LocalRotation.z
      value: -0
      objectReference: {fileID: 0}
    - target: {fileID: -8679921383154817045, guid: 918bc7853e7d7f24e81a7909093cbbd5,
        type: 3}
      propertyPath: m_LocalRotation.w
      value: 1
      objectReference: {fileID: 0}
    - target: {fileID: -8679921383154817045, guid: 918bc7853e7d7f24e81a7909093cbbd5,
        type: 3}
      propertyPath: m_RootOrder
      value: 0
      objectReference: {fileID: 0}
    - target: {fileID: -8679921383154817045, guid: 918bc7853e7d7f24e81a7909093cbbd5,
        type: 3}
      propertyPath: m_LocalEulerAnglesHint.x
      value: 0
      objectReference: {fileID: 0}
    - target: {fileID: -8679921383154817045, guid: 918bc7853e7d7f24e81a7909093cbbd5,
        type: 3}
      propertyPath: m_LocalEulerAnglesHint.y
      value: 0
      objectReference: {fileID: 0}
    - target: {fileID: -8679921383154817045, guid: 918bc7853e7d7f24e81a7909093cbbd5,
        type: 3}
      propertyPath: m_LocalEulerAnglesHint.z
      value: 0
      objectReference: {fileID: 0}
    - target: {fileID: -725257817780312977, guid: 918bc7853e7d7f24e81a7909093cbbd5,
        type: 3}
      propertyPath: m_TagString
      value: DestructibleObstacle
      objectReference: {fileID: 0}
    - target: {fileID: -725257817780312977, guid: 918bc7853e7d7f24e81a7909093cbbd5,
        type: 3}
      propertyPath: m_Layer
      value: 9
      objectReference: {fileID: 0}
    - target: {fileID: 919132149155446097, guid: 918bc7853e7d7f24e81a7909093cbbd5,
        type: 3}
      propertyPath: m_Name
      value: Snowboard
      objectReference: {fileID: 0}
    - target: {fileID: 919132149155446097, guid: 918bc7853e7d7f24e81a7909093cbbd5,
        type: 3}
      propertyPath: m_TagString
      value: DestructibleObstacle
      objectReference: {fileID: 0}
    - target: {fileID: 919132149155446097, guid: 918bc7853e7d7f24e81a7909093cbbd5,
        type: 3}
      propertyPath: m_Layer
      value: 9
      objectReference: {fileID: 0}
    - target: {fileID: 7906832524694006224, guid: 918bc7853e7d7f24e81a7909093cbbd5,
        type: 3}
      propertyPath: m_TagString
      value: DestructibleObstacle
      objectReference: {fileID: 0}
    - target: {fileID: 7906832524694006224, guid: 918bc7853e7d7f24e81a7909093cbbd5,
        type: 3}
      propertyPath: m_Layer
      value: 9
      objectReference: {fileID: 0}
    m_RemovedComponents:
    - {fileID: -893298818541690966, guid: 918bc7853e7d7f24e81a7909093cbbd5, type: 3}
  m_SourcePrefab: {fileID: 100100000, guid: 918bc7853e7d7f24e81a7909093cbbd5, type: 3}
--- !u!1 &5895098548442988451 stripped
GameObject:
  m_CorrespondingSourceObject: {fileID: 919132149155446097, guid: 918bc7853e7d7f24e81a7909093cbbd5,
    type: 3}
  m_PrefabInstance: {fileID: 6705562103187522290}
  m_PrefabAsset: {fileID: 0}
--- !u!4 &6522417642826704153 stripped
Transform:
  m_CorrespondingSourceObject: {fileID: -8679921383154817045, guid: 918bc7853e7d7f24e81a7909093cbbd5,
    type: 3}
  m_PrefabInstance: {fileID: 6705562103187522290}
  m_PrefabAsset: {fileID: 0}
--- !u!23 &1850223994636372267 stripped
MeshRenderer:
  m_CorrespondingSourceObject: {fileID: -4277397241504412711, guid: 918bc7853e7d7f24e81a7909093cbbd5,
    type: 3}
  m_PrefabInstance: {fileID: 6705562103187522290}
  m_PrefabAsset: {fileID: 0}
--- !u!23 &4244311107874161783 stripped
MeshRenderer:
  m_CorrespondingSourceObject: {fileID: -1736098883152001403, guid: 918bc7853e7d7f24e81a7909093cbbd5,
    type: 3}
  m_PrefabInstance: {fileID: 6705562103187522290}
  m_PrefabAsset: {fileID: 0}
