%YAML 1.1
%TAG !u! tag:unity3d.com,2011:
--- !u!1 &3137494762058213547
GameObject:
  m_ObjectHideFlags: 0
  m_CorrespondingSourceObject: {fileID: 0}
  m_PrefabInstance: {fileID: 0}
  m_PrefabAsset: {fileID: 0}
  serializedVersion: 6
  m_Component:
  - component: {fileID: 7802270879807626245}
  - component: {fileID: 1715242189371872332}
  m_Layer: 10
  m_Name: ColliderTrigger
  m_TagString: DestructibleObstacle
  m_Icon: {fileID: 0}
  m_NavMeshLayer: 0
  m_StaticEditorFlags: 0
  m_IsActive: 1
--- !u!4 &7802270879807626245
Transform:
  m_ObjectHideFlags: 0
  m_CorrespondingSourceObject: {fileID: 0}
  m_PrefabInstance: {fileID: 0}
  m_PrefabAsset: {fileID: 0}
  m_GameObject: {fileID: 3137494762058213547}
  m_LocalRotation: {x: -0.7071068, y: 0, z: 0, w: 0.7071068}
  m_LocalPosition: {x: 0, y: 0, z: 0}
  m_LocalScale: {x: 100, y: 100, z: 100}
  m_Children: []
  m_Father: {fileID: 7576329043039563991}
  m_RootOrder: 1
  m_LocalEulerAnglesHint: {x: -90, y: 0, z: 0}
--- !u!64 &1715242189371872332
MeshCollider:
  m_ObjectHideFlags: 0
  m_CorrespondingSourceObject: {fileID: 0}
  m_PrefabInstance: {fileID: 0}
  m_PrefabAsset: {fileID: 0}
  m_GameObject: {fileID: 3137494762058213547}
  m_Material: {fileID: 0}
  m_IsTrigger: 1
  m_Enabled: 1
  serializedVersion: 4
  m_Convex: 1
  m_CookingOptions: 30
  m_Mesh: {fileID: 7056898941039805056, guid: aa59f91033028fa4889b4d65e846cac8, type: 3}
--- !u!1 &7576329043039563985
GameObject:
  m_ObjectHideFlags: 0
  m_CorrespondingSourceObject: {fileID: 0}
  m_PrefabInstance: {fileID: 0}
  m_PrefabAsset: {fileID: 0}
  serializedVersion: 6
  m_Component:
  - component: {fileID: 7576329043039563991}
  - component: {fileID: 7576329043039563990}
  - component: {fileID: 8908088519029521492}
  - component: {fileID: 1752886288558821487}
  m_Layer: 9
  m_Name: TroncArbre
  m_TagString: DestructibleObstacle
  m_Icon: {fileID: 0}
  m_NavMeshLayer: 0
  m_StaticEditorFlags: 0
  m_IsActive: 1
--- !u!4 &7576329043039563991
Transform:
  m_ObjectHideFlags: 0
  m_CorrespondingSourceObject: {fileID: 0}
  m_PrefabInstance: {fileID: 0}
  m_PrefabAsset: {fileID: 0}
  m_GameObject: {fileID: 7576329043039563985}
  m_LocalRotation: {x: 0, y: 0, z: 0, w: 1}
  m_LocalPosition: {x: 0, y: 0, z: 0}
  m_LocalScale: {x: 1, y: 1, z: 1}
  m_Children:
  - {fileID: 7975380584326491630}
  - {fileID: 7802270879807626245}
  m_Father: {fileID: 0}
  m_RootOrder: 0
  m_LocalEulerAnglesHint: {x: 0, y: 0, z: 0}
--- !u!205 &7576329043039563990
LODGroup:
  m_ObjectHideFlags: 0
  m_CorrespondingSourceObject: {fileID: 0}
  m_PrefabInstance: {fileID: 0}
  m_PrefabAsset: {fileID: 0}
  m_GameObject: {fileID: 7576329043039563985}
  serializedVersion: 2
  m_LocalReferencePoint: {x: -2.6249409, y: 3.4655504, z: -0.05445957}
  m_Size: 17.7341
  m_FadeMode: 0
  m_AnimateCrossFading: 0
  m_LastLODIsBillboard: 0
  m_LODs:
  - screenRelativeHeight: 0.010926324
    fadeTransitionWidth: 0
    renderers:
    - renderer: {fileID: 5477969700449011281}
    - renderer: {fileID: 1969297075424796144}
  - screenRelativeHeight: 0.004300588
    fadeTransitionWidth: 0
    renderers:
    - renderer: {fileID: 7923719854775910311}
    - renderer: {fileID: 3557790740857688414}
  m_Enabled: 1
--- !u!114 &8908088519029521492
MonoBehaviour:
  m_ObjectHideFlags: 0
  m_CorrespondingSourceObject: {fileID: 0}
  m_PrefabInstance: {fileID: 0}
  m_PrefabAsset: {fileID: 0}
  m_GameObject: {fileID: 7576329043039563985}
  m_Enabled: 1
  m_EditorHideFlags: 0
  m_Script: {fileID: 11500000, guid: a8e642bc047967b49b9d04d94ddf045a, type: 3}
  m_Name: 
  m_EditorClassIdentifier: 
  isATree: 1
  isAStalactite: 0
  isFlying: 0
--- !u!54 &1752886288558821487
Rigidbody:
  m_ObjectHideFlags: 0
  m_CorrespondingSourceObject: {fileID: 0}
  m_PrefabInstance: {fileID: 0}
  m_PrefabAsset: {fileID: 0}
  m_GameObject: {fileID: 7576329043039563985}
  serializedVersion: 2
  m_Mass: 1
  m_Drag: 0
  m_AngularDrag: 0.05
  m_UseGravity: 1
  m_IsKinematic: 1
  m_Interpolate: 0
  m_Constraints: 0
  m_CollisionDetection: 0
--- !u!1001 &7576329043242289669
PrefabInstance:
  m_ObjectHideFlags: 0
  serializedVersion: 2
  m_Modification:
    m_TransformParent: {fileID: 7576329043039563991}
    m_Modifications:
    - target: {fileID: -8679921383154817045, guid: aa59f91033028fa4889b4d65e846cac8,
        type: 3}
      propertyPath: m_LocalPosition.x
      value: 0
      objectReference: {fileID: 0}
    - target: {fileID: -8679921383154817045, guid: aa59f91033028fa4889b4d65e846cac8,
        type: 3}
      propertyPath: m_LocalPosition.y
      value: 0
      objectReference: {fileID: 0}
    - target: {fileID: -8679921383154817045, guid: aa59f91033028fa4889b4d65e846cac8,
        type: 3}
      propertyPath: m_LocalPosition.z
      value: 0
      objectReference: {fileID: 0}
    - target: {fileID: -8679921383154817045, guid: aa59f91033028fa4889b4d65e846cac8,
        type: 3}
      propertyPath: m_LocalRotation.x
      value: -0
      objectReference: {fileID: 0}
    - target: {fileID: -8679921383154817045, guid: aa59f91033028fa4889b4d65e846cac8,
        type: 3}
      propertyPath: m_LocalRotation.y
      value: -0
      objectReference: {fileID: 0}
    - target: {fileID: -8679921383154817045, guid: aa59f91033028fa4889b4d65e846cac8,
        type: 3}
      propertyPath: m_LocalRotation.z
      value: -0
      objectReference: {fileID: 0}
    - target: {fileID: -8679921383154817045, guid: aa59f91033028fa4889b4d65e846cac8,
        type: 3}
      propertyPath: m_LocalRotation.w
      value: 1
      objectReference: {fileID: 0}
    - target: {fileID: -8679921383154817045, guid: aa59f91033028fa4889b4d65e846cac8,
        type: 3}
      propertyPath: m_RootOrder
      value: 0
      objectReference: {fileID: 0}
    - target: {fileID: -8679921383154817045, guid: aa59f91033028fa4889b4d65e846cac8,
        type: 3}
      propertyPath: m_LocalEulerAnglesHint.x
      value: 0
      objectReference: {fileID: 0}
    - target: {fileID: -8679921383154817045, guid: aa59f91033028fa4889b4d65e846cac8,
        type: 3}
      propertyPath: m_LocalEulerAnglesHint.y
      value: 0
      objectReference: {fileID: 0}
    - target: {fileID: -8679921383154817045, guid: aa59f91033028fa4889b4d65e846cac8,
        type: 3}
      propertyPath: m_LocalEulerAnglesHint.z
      value: 0
      objectReference: {fileID: 0}
    - target: {fileID: -7518427929548353293, guid: aa59f91033028fa4889b4d65e846cac8,
        type: 3}
      propertyPath: m_Layer
      value: 9
      objectReference: {fileID: 0}
    - target: {fileID: -428949461682708604, guid: aa59f91033028fa4889b4d65e846cac8,
        type: 3}
      propertyPath: m_Layer
      value: 9
      objectReference: {fileID: 0}
    - target: {fileID: 919132149155446097, guid: aa59f91033028fa4889b4d65e846cac8,
        type: 3}
      propertyPath: m_Name
      value: TroncArbre
      objectReference: {fileID: 0}
    - target: {fileID: 1496743818968931539, guid: aa59f91033028fa4889b4d65e846cac8,
        type: 3}
      propertyPath: m_Layer
      value: 9
      objectReference: {fileID: 0}
    - target: {fileID: 1496743818968931539, guid: aa59f91033028fa4889b4d65e846cac8,
        type: 3}
      propertyPath: m_TagString
      value: DestructibleObstacle
      objectReference: {fileID: 0}
    - target: {fileID: 5567570606356276304, guid: aa59f91033028fa4889b4d65e846cac8,
        type: 3}
      propertyPath: m_Layer
      value: 9
      objectReference: {fileID: 0}
    - target: {fileID: 5567570606356276304, guid: aa59f91033028fa4889b4d65e846cac8,
        type: 3}
      propertyPath: m_TagString
      value: DestructibleObstacle
      objectReference: {fileID: 0}
    m_RemovedComponents: []
  m_SourcePrefab: {fileID: 100100000, guid: aa59f91033028fa4889b4d65e846cac8, type: 3}
--- !u!4 &7975380584326491630 stripped
Transform:
  m_CorrespondingSourceObject: {fileID: -8679921383154817045, guid: aa59f91033028fa4889b4d65e846cac8,
    type: 3}
  m_PrefabInstance: {fileID: 7576329043242289669}
  m_PrefabAsset: {fileID: 0}
--- !u!23 &5477969700449011281 stripped
MeshRenderer:
  m_CorrespondingSourceObject: {fileID: 2675471832898030676, guid: aa59f91033028fa4889b4d65e846cac8,
    type: 3}
  m_PrefabInstance: {fileID: 7576329043242289669}
  m_PrefabAsset: {fileID: 0}
--- !u!23 &1969297075424796144 stripped
MeshRenderer:
  m_CorrespondingSourceObject: {fileID: -977036622924638219, guid: aa59f91033028fa4889b4d65e846cac8,
    type: 3}
  m_PrefabInstance: {fileID: 7576329043242289669}
  m_PrefabAsset: {fileID: 0}
--- !u!23 &7923719854775910311 stripped
MeshRenderer:
  m_CorrespondingSourceObject: {fileID: 347395261129962914, guid: aa59f91033028fa4889b4d65e846cac8,
    type: 3}
  m_PrefabInstance: {fileID: 7576329043242289669}
  m_PrefabAsset: {fileID: 0}
--- !u!23 &3557790740857688414 stripped
MeshRenderer:
  m_CorrespondingSourceObject: {fileID: -2847602300416844965, guid: aa59f91033028fa4889b4d65e846cac8,
    type: 3}
  m_PrefabInstance: {fileID: 7576329043242289669}
  m_PrefabAsset: {fileID: 0}
