%YAML 1.1
%TAG !u! tag:unity3d.com,2011:
--- !u!1 &5671749088966336522
GameObject:
  m_ObjectHideFlags: 0
  m_CorrespondingSourceObject: {fileID: 0}
  m_PrefabInstance: {fileID: 0}
  m_PrefabAsset: {fileID: 0}
  serializedVersion: 6
  m_Component:
  - component: {fileID: 5671749088966336523}
  m_Layer: 11
  m_Name: Panneau3
  m_TagString: DestructibleObstacle
  m_Icon: {fileID: 0}
  m_NavMeshLayer: 0
  m_StaticEditorFlags: 0
  m_IsActive: 1
--- !u!4 &5671749088966336523
Transform:
  m_ObjectHideFlags: 0
  m_CorrespondingSourceObject: {fileID: 0}
  m_PrefabInstance: {fileID: 0}
  m_PrefabAsset: {fileID: 0}
  m_GameObject: {fileID: 5671749088966336522}
  m_LocalRotation: {x: -0, y: -0, z: -0, w: 1}
  m_LocalPosition: {x: 0, y: 0, z: 0}
  m_LocalScale: {x: 1, y: 1, z: 1}
  m_Children:
  - {fileID: 5277269619012472505}
  - {fileID: 5671749090130100620}
  m_Father: {fileID: 0}
  m_RootOrder: 0
  m_LocalEulerAnglesHint: {x: 0, y: 0, z: 0}
--- !u!1 &5671749090130100619
GameObject:
  m_ObjectHideFlags: 0
  m_CorrespondingSourceObject: {fileID: 0}
  m_PrefabInstance: {fileID: 0}
  m_PrefabAsset: {fileID: 0}
  serializedVersion: 6
  m_Component:
  - component: {fileID: 5671749090130100620}
  - component: {fileID: 5671749090130100621}
  m_Layer: 10
  m_Name: ColliderTrigger
  m_TagString: DestructibleObstacle
  m_Icon: {fileID: 0}
  m_NavMeshLayer: 0
  m_StaticEditorFlags: 0
  m_IsActive: 1
--- !u!4 &5671749090130100620
Transform:
  m_ObjectHideFlags: 0
  m_CorrespondingSourceObject: {fileID: 0}
  m_PrefabInstance: {fileID: 0}
  m_PrefabAsset: {fileID: 0}
  m_GameObject: {fileID: 5671749090130100619}
  m_LocalRotation: {x: -0.7071067, y: -0.000000030908616, z: 0.000000030908623, w: 0.7071068}
  m_LocalPosition: {x: 0, y: 0, z: 0}
  m_LocalScale: {x: 150, y: 149.99997, z: 149.99997}
  m_Children: []
  m_Father: {fileID: 5671749088966336523}
  m_RootOrder: 1
  m_LocalEulerAnglesHint: {x: 0, y: 0, z: 0}
--- !u!64 &5671749090130100621
MeshCollider:
  m_ObjectHideFlags: 0
  m_CorrespondingSourceObject: {fileID: 0}
  m_PrefabInstance: {fileID: 0}
  m_PrefabAsset: {fileID: 0}
  m_GameObject: {fileID: 5671749090130100619}
  m_Material: {fileID: 0}
  m_IsTrigger: 1
  m_Enabled: 1
  serializedVersion: 4
  m_Convex: 1
  m_CookingOptions: 30
  m_Mesh: {fileID: 255783474672222075, guid: 7303b5cb71d7ec74d9e55dafdfb1f9c2, type: 3}
--- !u!1001 &5671749090452334930
PrefabInstance:
  m_ObjectHideFlags: 0
  serializedVersion: 2
  m_Modification:
    m_TransformParent: {fileID: 5671749088966336523}
    m_Modifications:
    - target: {fileID: -8679921383154817045, guid: 7303b5cb71d7ec74d9e55dafdfb1f9c2,
        type: 3}
      propertyPath: m_LocalPosition.x
      value: -0
      objectReference: {fileID: 0}
    - target: {fileID: -8679921383154817045, guid: 7303b5cb71d7ec74d9e55dafdfb1f9c2,
        type: 3}
      propertyPath: m_LocalPosition.y
      value: 0
      objectReference: {fileID: 0}
    - target: {fileID: -8679921383154817045, guid: 7303b5cb71d7ec74d9e55dafdfb1f9c2,
        type: 3}
      propertyPath: m_LocalPosition.z
      value: 0
      objectReference: {fileID: 0}
    - target: {fileID: -8679921383154817045, guid: 7303b5cb71d7ec74d9e55dafdfb1f9c2,
        type: 3}
      propertyPath: m_LocalRotation.x
      value: -0.7071068
      objectReference: {fileID: 0}
    - target: {fileID: -8679921383154817045, guid: 7303b5cb71d7ec74d9e55dafdfb1f9c2,
        type: 3}
      propertyPath: m_LocalRotation.y
      value: 0
      objectReference: {fileID: 0}
    - target: {fileID: -8679921383154817045, guid: 7303b5cb71d7ec74d9e55dafdfb1f9c2,
        type: 3}
      propertyPath: m_LocalRotation.z
      value: -0
      objectReference: {fileID: 0}
    - target: {fileID: -8679921383154817045, guid: 7303b5cb71d7ec74d9e55dafdfb1f9c2,
        type: 3}
      propertyPath: m_LocalRotation.w
      value: 0.7071067
      objectReference: {fileID: 0}
    - target: {fileID: -8679921383154817045, guid: 7303b5cb71d7ec74d9e55dafdfb1f9c2,
        type: 3}
      propertyPath: m_RootOrder
      value: 0
      objectReference: {fileID: 0}
    - target: {fileID: -8679921383154817045, guid: 7303b5cb71d7ec74d9e55dafdfb1f9c2,
        type: 3}
      propertyPath: m_LocalEulerAnglesHint.x
      value: 0
      objectReference: {fileID: 0}
    - target: {fileID: -8679921383154817045, guid: 7303b5cb71d7ec74d9e55dafdfb1f9c2,
        type: 3}
      propertyPath: m_LocalEulerAnglesHint.y
      value: 0
      objectReference: {fileID: 0}
    - target: {fileID: -8679921383154817045, guid: 7303b5cb71d7ec74d9e55dafdfb1f9c2,
        type: 3}
      propertyPath: m_LocalEulerAnglesHint.z
      value: 0
      objectReference: {fileID: 0}
    - target: {fileID: -8679921383154817045, guid: 7303b5cb71d7ec74d9e55dafdfb1f9c2,
        type: 3}
      propertyPath: m_LocalScale.x
      value: 150
      objectReference: {fileID: 0}
    - target: {fileID: -8679921383154817045, guid: 7303b5cb71d7ec74d9e55dafdfb1f9c2,
        type: 3}
      propertyPath: m_LocalScale.y
      value: 150
      objectReference: {fileID: 0}
    - target: {fileID: -8679921383154817045, guid: 7303b5cb71d7ec74d9e55dafdfb1f9c2,
        type: 3}
      propertyPath: m_LocalScale.z
      value: 150
      objectReference: {fileID: 0}
    - target: {fileID: 919132149155446097, guid: 7303b5cb71d7ec74d9e55dafdfb1f9c2,
        type: 3}
      propertyPath: m_Name
      value: PANNEAU3
      objectReference: {fileID: 0}
    - target: {fileID: 919132149155446097, guid: 7303b5cb71d7ec74d9e55dafdfb1f9c2,
        type: 3}
      propertyPath: m_IsActive
      value: 1
      objectReference: {fileID: 0}
    - target: {fileID: 919132149155446097, guid: 7303b5cb71d7ec74d9e55dafdfb1f9c2,
        type: 3}
      propertyPath: m_Layer
      value: 9
      objectReference: {fileID: 0}
    - target: {fileID: 919132149155446097, guid: 7303b5cb71d7ec74d9e55dafdfb1f9c2,
        type: 3}
      propertyPath: m_TagString
      value: DestructibleObstacle
      objectReference: {fileID: 0}
    - target: {fileID: 7389967297436091874, guid: 7303b5cb71d7ec74d9e55dafdfb1f9c2,
        type: 3}
      propertyPath: m_TagString
      value: Sol
      objectReference: {fileID: 0}
    m_RemovedComponents: []
  m_SourcePrefab: {fileID: 100100000, guid: 7303b5cb71d7ec74d9e55dafdfb1f9c2, type: 3}
--- !u!4 &5277269619012472505 stripped
Transform:
  m_CorrespondingSourceObject: {fileID: -8679921383154817045, guid: 7303b5cb71d7ec74d9e55dafdfb1f9c2,
    type: 3}
  m_PrefabInstance: {fileID: 5671749090452334930}
  m_PrefabAsset: {fileID: 0}
