%YAML 1.1
%TAG !u! tag:unity3d.com,2011:
--- !u!1 &3615160563539678503
GameObject:
  m_ObjectHideFlags: 0
  m_CorrespondingSourceObject: {fileID: 0}
  m_PrefabInstance: {fileID: 0}
  m_PrefabAsset: {fileID: 0}
  serializedVersion: 6
  m_Component:
  - component: {fileID: 8672950057386018168}
  - component: {fileID: 5943910519134209498}
  m_Layer: 16
  m_Name: TriggerCollider
  m_TagString: Untagged
  m_Icon: {fileID: 0}
  m_NavMeshLayer: 0
  m_StaticEditorFlags: 0
  m_IsActive: 1
--- !u!4 &8672950057386018168
Transform:
  m_ObjectHideFlags: 0
  m_CorrespondingSourceObject: {fileID: 0}
  m_PrefabInstance: {fileID: 0}
  m_PrefabAsset: {fileID: 0}
  m_GameObject: {fileID: 3615160563539678503}
  m_LocalRotation: {x: -0.7071068, y: -0, z: -0, w: 0.7071068}
  m_LocalPosition: {x: 0, y: 0, z: 0}
  m_LocalScale: {x: 102, y: 102, z: 102}
  m_Children: []
  m_Father: {fileID: 4889977505177959452}
  m_RootOrder: 3
  m_LocalEulerAnglesHint: {x: -90, y: 0, z: 0}
--- !u!64 &5943910519134209498
MeshCollider:
  m_ObjectHideFlags: 0
  m_CorrespondingSourceObject: {fileID: 0}
  m_PrefabInstance: {fileID: 0}
  m_PrefabAsset: {fileID: 0}
  m_GameObject: {fileID: 3615160563539678503}
  m_Material: {fileID: 0}
  m_IsTrigger: 1
  m_Enabled: 1
  serializedVersion: 4
  m_Convex: 1
  m_CookingOptions: 30
  m_Mesh: {fileID: 668723066923075586, guid: bfd58eb041d3d184aac2f55cc0d7abf7, type: 3}
--- !u!1 &4924134087263323741
GameObject:
  m_ObjectHideFlags: 0
  m_CorrespondingSourceObject: {fileID: 0}
  m_PrefabInstance: {fileID: 0}
  m_PrefabAsset: {fileID: 0}
  serializedVersion: 6
  m_Component:
  - component: {fileID: 4924134087263323740}
  - component: {fileID: 839276422}
  - component: {fileID: 4588919632515735709}
  m_Layer: 0
  m_Name: Chalet3
  m_TagString: Untagged
  m_Icon: {fileID: 0}
  m_NavMeshLayer: 0
  m_StaticEditorFlags: 0
  m_IsActive: 1
--- !u!4 &4924134087263323740
Transform:
  m_ObjectHideFlags: 0
  m_CorrespondingSourceObject: {fileID: 0}
  m_PrefabInstance: {fileID: 0}
  m_PrefabAsset: {fileID: 0}
  m_GameObject: {fileID: 4924134087263323741}
  m_LocalRotation: {x: 0, y: 0, z: 0, w: 1}
  m_LocalPosition: {x: 0, y: 0, z: 0}
  m_LocalScale: {x: 1, y: 1, z: 1}
  m_Children:
  - {fileID: 4889977505177959452}
  - {fileID: 184791092606509144}
  m_Father: {fileID: 0}
  m_RootOrder: 0
  m_LocalEulerAnglesHint: {x: 0, y: 0, z: 0}
--- !u!205 &839276422
LODGroup:
  m_ObjectHideFlags: 0
  m_CorrespondingSourceObject: {fileID: 0}
  m_PrefabInstance: {fileID: 0}
  m_PrefabAsset: {fileID: 0}
  m_GameObject: {fileID: 4924134087263323741}
  serializedVersion: 2
  m_LocalReferencePoint: {x: -5.274416, y: 10.676529, z: -10.193563}
  m_Size: 54.310062
  m_FadeMode: 0
  m_AnimateCrossFading: 0
  m_LastLODIsBillboard: 0
  m_LODs:
  - screenRelativeHeight: 0.024901787
    fadeTransitionWidth: 0
    renderers:
    - renderer: {fileID: 6195497567275498928}
    - renderer: {fileID: 1805898151699674444}
    - renderer: {fileID: 4045945687842849523}
  - screenRelativeHeight: 0.01456854
    fadeTransitionWidth: 0
    renderers:
    - renderer: {fileID: 7128054423931496480}
    - renderer: {fileID: 3723782239664850211}
    - renderer: {fileID: 3462234741074878159}
  - screenRelativeHeight: 0.0062234625
    fadeTransitionWidth: 0
    renderers:
    - renderer: {fileID: 778083717249716204}
    - renderer: {fileID: 1157796494640611212}
    - renderer: {fileID: 2818782037167162470}
  m_Enabled: 1
--- !u!114 &4588919632515735709
MonoBehaviour:
  m_ObjectHideFlags: 0
  m_CorrespondingSourceObject: {fileID: 0}
  m_PrefabInstance: {fileID: 0}
  m_PrefabAsset: {fileID: 0}
  m_GameObject: {fileID: 4924134087263323741}
  m_Enabled: 1
  m_EditorHideFlags: 0
  m_Script: {fileID: 11500000, guid: 0b618a267d58bbd44b0e19612353bc46, type: 3}
  m_Name: 
  m_EditorClassIdentifier: 
  goVfxLossSnow: {fileID: 0}
  goVfxLossChalet: {fileID: 1989009119087583494, guid: 1f4d8998f125e984683ec8648750892e,
    type: 3}
  goVfxFire: {fileID: 0}
  timeToLoss: 10
  timeToFire: 2
  randomTimeFire: 1
  isSnowed: 0
  isTree: 0
  isBush: 0
  isChalet: 1
  allMeshesToDissolve: []
  speedToDissolve: 0.2
--- !u!1001 &225207420
PrefabInstance:
  m_ObjectHideFlags: 0
  serializedVersion: 2
  m_Modification:
    m_TransformParent: {fileID: 4924134087263323740}
    m_Modifications:
    - target: {fileID: 184791092530600934, guid: 4e20b9a3d68bb4845be03a9ba8a47a1c,
        type: 3}
      propertyPath: m_PropertySheet.m_Gradient.m_Array.Array.data[0].m_Value.key0.r
      value: 0.764151
      objectReference: {fileID: 0}
    - target: {fileID: 184791092530600934, guid: 4e20b9a3d68bb4845be03a9ba8a47a1c,
        type: 3}
      propertyPath: m_PropertySheet.m_Gradient.m_Array.Array.data[0].m_Value.key0.g
      value: 0.764151
      objectReference: {fileID: 0}
    - target: {fileID: 184791092530600934, guid: 4e20b9a3d68bb4845be03a9ba8a47a1c,
        type: 3}
      propertyPath: m_PropertySheet.m_Gradient.m_Array.Array.data[0].m_Value.key0.b
      value: 0.764151
      objectReference: {fileID: 0}
    - target: {fileID: 184791092530600934, guid: 4e20b9a3d68bb4845be03a9ba8a47a1c,
        type: 3}
      propertyPath: m_PropertySheet.m_Gradient.m_Array.Array.data[0].m_Value.ctime1
      value: 30840
      objectReference: {fileID: 0}
    - target: {fileID: 184791092530600935, guid: 4e20b9a3d68bb4845be03a9ba8a47a1c,
        type: 3}
      propertyPath: m_Materials.Array.data[0]
      value: 
      objectReference: {fileID: 0}
    - target: {fileID: 184791092550157348, guid: 4e20b9a3d68bb4845be03a9ba8a47a1c,
        type: 3}
      propertyPath: m_LocalPosition.x
      value: 5.76
      objectReference: {fileID: 0}
    - target: {fileID: 184791092550157348, guid: 4e20b9a3d68bb4845be03a9ba8a47a1c,
        type: 3}
      propertyPath: m_LocalPosition.y
      value: 35.01
      objectReference: {fileID: 0}
    - target: {fileID: 184791092550157348, guid: 4e20b9a3d68bb4845be03a9ba8a47a1c,
        type: 3}
      propertyPath: m_LocalPosition.z
      value: -25.17
      objectReference: {fileID: 0}
    - target: {fileID: 184791092550157348, guid: 4e20b9a3d68bb4845be03a9ba8a47a1c,
        type: 3}
      propertyPath: m_LocalRotation.x
      value: -0
      objectReference: {fileID: 0}
    - target: {fileID: 184791092550157348, guid: 4e20b9a3d68bb4845be03a9ba8a47a1c,
        type: 3}
      propertyPath: m_LocalRotation.y
      value: -0
      objectReference: {fileID: 0}
    - target: {fileID: 184791092550157348, guid: 4e20b9a3d68bb4845be03a9ba8a47a1c,
        type: 3}
      propertyPath: m_LocalRotation.z
      value: -0
      objectReference: {fileID: 0}
    - target: {fileID: 184791092550157348, guid: 4e20b9a3d68bb4845be03a9ba8a47a1c,
        type: 3}
      propertyPath: m_LocalRotation.w
      value: 1
      objectReference: {fileID: 0}
    - target: {fileID: 184791092550157348, guid: 4e20b9a3d68bb4845be03a9ba8a47a1c,
        type: 3}
      propertyPath: m_RootOrder
      value: 1
      objectReference: {fileID: 0}
    - target: {fileID: 184791092550157348, guid: 4e20b9a3d68bb4845be03a9ba8a47a1c,
        type: 3}
      propertyPath: m_LocalEulerAnglesHint.x
      value: 0
      objectReference: {fileID: 0}
    - target: {fileID: 184791092550157348, guid: 4e20b9a3d68bb4845be03a9ba8a47a1c,
        type: 3}
      propertyPath: m_LocalEulerAnglesHint.y
      value: 0
      objectReference: {fileID: 0}
    - target: {fileID: 184791092550157348, guid: 4e20b9a3d68bb4845be03a9ba8a47a1c,
        type: 3}
      propertyPath: m_LocalEulerAnglesHint.z
      value: 0
      objectReference: {fileID: 0}
    - target: {fileID: 184791092550157348, guid: 4e20b9a3d68bb4845be03a9ba8a47a1c,
        type: 3}
      propertyPath: m_LocalScale.x
      value: 7.5600004
      objectReference: {fileID: 0}
    - target: {fileID: 184791092550157348, guid: 4e20b9a3d68bb4845be03a9ba8a47a1c,
        type: 3}
      propertyPath: m_LocalScale.y
      value: 7.5600004
      objectReference: {fileID: 0}
    - target: {fileID: 184791092550157348, guid: 4e20b9a3d68bb4845be03a9ba8a47a1c,
        type: 3}
      propertyPath: m_LocalScale.z
      value: 7.5600004
      objectReference: {fileID: 0}
    - target: {fileID: 184791092550157351, guid: 4e20b9a3d68bb4845be03a9ba8a47a1c,
        type: 3}
      propertyPath: m_Name
      value: Vfx_Cheminee
      objectReference: {fileID: 0}
    m_RemovedComponents: []
  m_SourcePrefab: {fileID: 100100000, guid: 4e20b9a3d68bb4845be03a9ba8a47a1c, type: 3}
--- !u!4 &184791092606509144 stripped
Transform:
  m_CorrespondingSourceObject: {fileID: 184791092550157348, guid: 4e20b9a3d68bb4845be03a9ba8a47a1c,
    type: 3}
  m_PrefabInstance: {fileID: 225207420}
  m_PrefabAsset: {fileID: 0}
--- !u!1001 &4924134085312715767
PrefabInstance:
  m_ObjectHideFlags: 0
  serializedVersion: 2
  m_Modification:
    m_TransformParent: {fileID: 4924134087263323740}
    m_Modifications:
    - target: {fileID: -8679921383154817045, guid: bfd58eb041d3d184aac2f55cc0d7abf7,
        type: 3}
      propertyPath: m_LocalPosition.x
      value: 0
      objectReference: {fileID: 0}
    - target: {fileID: -8679921383154817045, guid: bfd58eb041d3d184aac2f55cc0d7abf7,
        type: 3}
      propertyPath: m_LocalPosition.y
      value: 0
      objectReference: {fileID: 0}
    - target: {fileID: -8679921383154817045, guid: bfd58eb041d3d184aac2f55cc0d7abf7,
        type: 3}
      propertyPath: m_LocalPosition.z
      value: 0
      objectReference: {fileID: 0}
    - target: {fileID: -8679921383154817045, guid: bfd58eb041d3d184aac2f55cc0d7abf7,
        type: 3}
      propertyPath: m_LocalRotation.x
      value: 0
      objectReference: {fileID: 0}
    - target: {fileID: -8679921383154817045, guid: bfd58eb041d3d184aac2f55cc0d7abf7,
        type: 3}
      propertyPath: m_LocalRotation.y
      value: 0
      objectReference: {fileID: 0}
    - target: {fileID: -8679921383154817045, guid: bfd58eb041d3d184aac2f55cc0d7abf7,
        type: 3}
      propertyPath: m_LocalRotation.z
      value: 0
      objectReference: {fileID: 0}
    - target: {fileID: -8679921383154817045, guid: bfd58eb041d3d184aac2f55cc0d7abf7,
        type: 3}
      propertyPath: m_LocalRotation.w
      value: 1
      objectReference: {fileID: 0}
    - target: {fileID: -8679921383154817045, guid: bfd58eb041d3d184aac2f55cc0d7abf7,
        type: 3}
      propertyPath: m_RootOrder
      value: 0
      objectReference: {fileID: 0}
    - target: {fileID: -8679921383154817045, guid: bfd58eb041d3d184aac2f55cc0d7abf7,
        type: 3}
      propertyPath: m_LocalEulerAnglesHint.x
      value: 0
      objectReference: {fileID: 0}
    - target: {fileID: -8679921383154817045, guid: bfd58eb041d3d184aac2f55cc0d7abf7,
        type: 3}
      propertyPath: m_LocalEulerAnglesHint.y
      value: 0
      objectReference: {fileID: 0}
    - target: {fileID: -8679921383154817045, guid: bfd58eb041d3d184aac2f55cc0d7abf7,
        type: 3}
      propertyPath: m_LocalEulerAnglesHint.z
      value: 0
      objectReference: {fileID: 0}
    - target: {fileID: -7511558181221131132, guid: bfd58eb041d3d184aac2f55cc0d7abf7,
        type: 3}
      propertyPath: m_Materials.Array.data[0]
      value: 
      objectReference: {fileID: 2100000, guid: 33896df906de7634fa6b9c5a6d26aee5, type: 2}
    - target: {fileID: -6983575817374472893, guid: bfd58eb041d3d184aac2f55cc0d7abf7,
        type: 3}
      propertyPath: m_Materials.Array.data[0]
      value: 
      objectReference: {fileID: 2100000, guid: 5bb7fd836731d284dae62717cf57ed8b, type: 2}
    - target: {fileID: -4371485928387853036, guid: bfd58eb041d3d184aac2f55cc0d7abf7,
        type: 3}
      propertyPath: m_Materials.Array.data[0]
      value: 
      objectReference: {fileID: 2100000, guid: 938e6f3b2b9fdee4d8f673019f412bb6, type: 2}
    - target: {fileID: -4323908462683006480, guid: bfd58eb041d3d184aac2f55cc0d7abf7,
        type: 3}
      propertyPath: m_Materials.Array.data[0]
      value: 
      objectReference: {fileID: 2100000, guid: 5bb7fd836731d284dae62717cf57ed8b, type: 2}
    - target: {fileID: -3991745764855283298, guid: bfd58eb041d3d184aac2f55cc0d7abf7,
        type: 3}
      propertyPath: m_Materials.Array.data[0]
      value: 
      objectReference: {fileID: 2100000, guid: 5bb7fd836731d284dae62717cf57ed8b, type: 2}
    - target: {fileID: -1810145408447868897, guid: bfd58eb041d3d184aac2f55cc0d7abf7,
        type: 3}
      propertyPath: m_Materials.Array.data[0]
      value: 
      objectReference: {fileID: 2100000, guid: 938e6f3b2b9fdee4d8f673019f412bb6, type: 2}
    - target: {fileID: -570063727352445278, guid: bfd58eb041d3d184aac2f55cc0d7abf7,
        type: 3}
      propertyPath: m_Materials.Array.data[0]
      value: 
      objectReference: {fileID: 2100000, guid: 277c29487ba02324d830bba6d8d06f06, type: 2}
    - target: {fileID: 370948214155749932, guid: bfd58eb041d3d184aac2f55cc0d7abf7,
        type: 3}
      propertyPath: m_Materials.Array.data[0]
      value: 
      objectReference: {fileID: 2100000, guid: 5bb7fd836731d284dae62717cf57ed8b, type: 2}
    - target: {fileID: 919132149155446097, guid: bfd58eb041d3d184aac2f55cc0d7abf7,
        type: 3}
      propertyPath: m_Name
      value: Chalet3
      objectReference: {fileID: 0}
    - target: {fileID: 919132149155446097, guid: bfd58eb041d3d184aac2f55cc0d7abf7,
        type: 3}
      propertyPath: m_TagString
      value: NoDestructibleObstacle
      objectReference: {fileID: 0}
    - target: {fileID: 1064924707200065817, guid: bfd58eb041d3d184aac2f55cc0d7abf7,
        type: 3}
      propertyPath: m_Materials.Array.data[0]
      value: 
      objectReference: {fileID: 2100000, guid: 938e6f3b2b9fdee4d8f673019f412bb6, type: 2}
    - target: {fileID: 1882428437246845821, guid: bfd58eb041d3d184aac2f55cc0d7abf7,
        type: 3}
      propertyPath: m_Materials.Array.data[0]
      value: 
      objectReference: {fileID: 2100000, guid: 277c29487ba02324d830bba6d8d06f06, type: 2}
    - target: {fileID: 2504030433771505599, guid: bfd58eb041d3d184aac2f55cc0d7abf7,
        type: 3}
      propertyPath: m_Materials.Array.data[0]
      value: 
      objectReference: {fileID: 2100000, guid: 5bb7fd836731d284dae62717cf57ed8b, type: 2}
    - target: {fileID: 3451118302482216456, guid: bfd58eb041d3d184aac2f55cc0d7abf7,
        type: 3}
      propertyPath: m_Convex
      value: 0
      objectReference: {fileID: 0}
    - target: {fileID: 3660188833960594479, guid: bfd58eb041d3d184aac2f55cc0d7abf7,
        type: 3}
      propertyPath: m_Materials.Array.data[1]
      value: 
      objectReference: {fileID: 2100000, guid: 938e6f3b2b9fdee4d8f673019f412bb6, type: 2}
    - target: {fileID: 4689510602793957421, guid: bfd58eb041d3d184aac2f55cc0d7abf7,
        type: 3}
      propertyPath: m_Materials.Array.data[0]
      value: 
      objectReference: {fileID: 2100000, guid: 938e6f3b2b9fdee4d8f673019f412bb6, type: 2}
    - target: {fileID: 5608528775451047561, guid: bfd58eb041d3d184aac2f55cc0d7abf7,
        type: 3}
      propertyPath: m_Materials.Array.data[0]
      value: 
      objectReference: {fileID: 2100000, guid: a1476e70a65a450498bd9fdc6780e543, type: 2}
    - target: {fileID: 6493488174546738824, guid: bfd58eb041d3d184aac2f55cc0d7abf7,
        type: 3}
      propertyPath: m_Materials.Array.data[0]
      value: 
      objectReference: {fileID: 2100000, guid: 33896df906de7634fa6b9c5a6d26aee5, type: 2}
    - target: {fileID: 7134892092773459385, guid: bfd58eb041d3d184aac2f55cc0d7abf7,
        type: 3}
      propertyPath: m_Materials.Array.data[0]
      value: 
      objectReference: {fileID: 2100000, guid: a1476e70a65a450498bd9fdc6780e543, type: 2}
    - target: {fileID: 7595783736394981181, guid: bfd58eb041d3d184aac2f55cc0d7abf7,
        type: 3}
      propertyPath: m_TagString
      value: Sol
      objectReference: {fileID: 0}
    - target: {fileID: 7922394367251713425, guid: bfd58eb041d3d184aac2f55cc0d7abf7,
        type: 3}
      propertyPath: m_Materials.Array.data[0]
      value: 
      objectReference: {fileID: 2100000, guid: 5bb7fd836731d284dae62717cf57ed8b, type: 2}
    m_RemovedComponents:
    - {fileID: 6485338312336938150, guid: bfd58eb041d3d184aac2f55cc0d7abf7, type: 3}
    - {fileID: 7512077137475322680, guid: bfd58eb041d3d184aac2f55cc0d7abf7, type: 3}
    - {fileID: 6796707336990110184, guid: bfd58eb041d3d184aac2f55cc0d7abf7, type: 3}
    - {fileID: 4031098517601321590, guid: bfd58eb041d3d184aac2f55cc0d7abf7, type: 3}
    - {fileID: -4586530722676484176, guid: bfd58eb041d3d184aac2f55cc0d7abf7, type: 3}
    - {fileID: 2408046537281525885, guid: bfd58eb041d3d184aac2f55cc0d7abf7, type: 3}
    - {fileID: -4776662605573259538, guid: bfd58eb041d3d184aac2f55cc0d7abf7, type: 3}
    - {fileID: 3451118302482216456, guid: bfd58eb041d3d184aac2f55cc0d7abf7, type: 3}
    - {fileID: 4742473837712756890, guid: bfd58eb041d3d184aac2f55cc0d7abf7, type: 3}
  m_SourcePrefab: {fileID: 100100000, guid: bfd58eb041d3d184aac2f55cc0d7abf7, type: 3}
--- !u!4 &4889977505177959452 stripped
Transform:
  m_CorrespondingSourceObject: {fileID: -8679921383154817045, guid: bfd58eb041d3d184aac2f55cc0d7abf7,
    type: 3}
  m_PrefabInstance: {fileID: 4924134085312715767}
  m_PrefabAsset: {fileID: 0}
--- !u!23 &6195497567275498928 stripped
MeshRenderer:
  m_CorrespondingSourceObject: {fileID: -7949735241412401593, guid: bfd58eb041d3d184aac2f55cc0d7abf7,
    type: 3}
  m_PrefabInstance: {fileID: 4924134085312715767}
  m_PrefabAsset: {fileID: 0}
--- !u!23 &4045945687842849523 stripped
MeshRenderer:
  m_CorrespondingSourceObject: {fileID: 8966702000407353604, guid: bfd58eb041d3d184aac2f55cc0d7abf7,
    type: 3}
  m_PrefabInstance: {fileID: 4924134085312715767}
  m_PrefabAsset: {fileID: 0}
--- !u!23 &1805898151699674444 stripped
MeshRenderer:
  m_CorrespondingSourceObject: {fileID: 6726652784942444219, guid: bfd58eb041d3d184aac2f55cc0d7abf7,
    type: 3}
  m_PrefabInstance: {fileID: 4924134085312715767}
  m_PrefabAsset: {fileID: 0}
--- !u!23 &7128054423931496480 stripped
MeshRenderer:
  m_CorrespondingSourceObject: {fileID: 2791640674152461271, guid: bfd58eb041d3d184aac2f55cc0d7abf7,
    type: 3}
  m_PrefabInstance: {fileID: 4924134085312715767}
  m_PrefabAsset: {fileID: 0}
--- !u!23 &3462234741074878159 stripped
MeshRenderer:
  m_CorrespondingSourceObject: {fileID: 8384116992071550264, guid: bfd58eb041d3d184aac2f55cc0d7abf7,
    type: 3}
  m_PrefabInstance: {fileID: 4924134085312715767}
  m_PrefabAsset: {fileID: 0}
--- !u!23 &3723782239664850211 stripped
MeshRenderer:
  m_CorrespondingSourceObject: {fileID: -577725279974924588, guid: bfd58eb041d3d184aac2f55cc0d7abf7,
    type: 3}
  m_PrefabInstance: {fileID: 4924134085312715767}
  m_PrefabAsset: {fileID: 0}
--- !u!23 &778083717249716204 stripped
MeshRenderer:
  m_CorrespondingSourceObject: {fileID: 5663917375726703643, guid: bfd58eb041d3d184aac2f55cc0d7abf7,
    type: 3}
  m_PrefabInstance: {fileID: 4924134085312715767}
  m_PrefabAsset: {fileID: 0}
--- !u!23 &2818782037167162470 stripped
MeshRenderer:
  m_CorrespondingSourceObject: {fileID: -2069304486233579631, guid: bfd58eb041d3d184aac2f55cc0d7abf7,
    type: 3}
  m_PrefabInstance: {fileID: 4924134085312715767}
  m_PrefabAsset: {fileID: 0}
--- !u!23 &1157796494640611212 stripped
MeshRenderer:
  m_CorrespondingSourceObject: {fileID: 6072919498007766139, guid: bfd58eb041d3d184aac2f55cc0d7abf7,
    type: 3}
  m_PrefabInstance: {fileID: 4924134085312715767}
  m_PrefabAsset: {fileID: 0}
