%YAML 1.1
%TAG !u! tag:unity3d.com,2011:
--- !u!1 &6204193335197773350
GameObject:
  m_ObjectHideFlags: 0
  m_CorrespondingSourceObject: {fileID: 0}
  m_PrefabInstance: {fileID: 0}
  m_PrefabAsset: {fileID: 0}
  serializedVersion: 6
  m_Component:
  - component: {fileID: 6204193335197773351}
  - component: {fileID: 6204193335197773353}
  - component: {fileID: 6204193335197773352}
  - component: {fileID: 929315879930880715}
  - component: {fileID: 7037897486625280985}
  m_Layer: 0
  m_Name: Explo
  m_TagString: Untagged
  m_Icon: {fileID: 0}
  m_NavMeshLayer: 0
  m_StaticEditorFlags: 0
  m_IsActive: 1
--- !u!4 &6204193335197773351
Transform:
  m_ObjectHideFlags: 0
  m_CorrespondingSourceObject: {fileID: 0}
  m_PrefabInstance: {fileID: 0}
  m_PrefabAsset: {fileID: 0}
  m_GameObject: {fileID: 6204193335197773350}
  m_LocalRotation: {x: 0, y: 0, z: 0, w: 1}
  m_LocalPosition: {x: 0, y: 0, z: 0}
  m_LocalScale: {x: 1, y: 1, z: 1}
  m_Children: []
  m_Father: {fileID: 0}
  m_RootOrder: 0
  m_LocalEulerAnglesHint: {x: 0, y: 0, z: 0}
--- !u!2083052967 &6204193335197773353
VisualEffect:
  m_ObjectHideFlags: 0
  m_CorrespondingSourceObject: {fileID: 0}
  m_PrefabInstance: {fileID: 0}
  m_PrefabAsset: {fileID: 0}
  m_GameObject: {fileID: 6204193335197773350}
  m_Enabled: 1
  m_Asset: {fileID: 8926484042661614526, guid: 3afbea19fbf8a5c438760def99e3f4d4, type: 3}
  m_InitialEventName: OnPlay
  m_InitialEventNameOverriden: 1
  m_StartSeed: 0
  m_ResetSeedOnPlay: 1
  m_PropertySheet:
    m_Float:
      m_Array:
      - m_Value: 0.48
        m_Name: New Sphere_radius
        m_Overridden: 1
      - m_Value: 389
        m_Name: NbPArticules
        m_Overridden: 1
      - m_Value: 1.5
        m_Name: SpawnSphere_radius
        m_Overridden: 1
      - m_Value: 0.3
        m_Name: Up
        m_Overridden: 1
      - m_Value: 1
        m_Name: ScaleSpanwSPhere
        m_Overridden: 1
      - m_Value: 1
        m_Name: "Intensit\xE9"
        m_Overridden: 1
      - m_Value: 1
        m_Name: Drag
        m_Overridden: 1
    m_Vector2f:
      m_Array:
      - m_Value: {x: 100, y: 300}
        m_Name: NbParticules
        m_Overridden: 1
      - m_Value: {x: 0.1, y: 0.5}
        m_Name: MinMaxLifetime
        m_Overridden: 1
    m_Vector3f:
      m_Array:
      - m_Value: {x: 5.62, y: 0, z: -0.99}
        m_Name: New Sphere_center
        m_Overridden: 1
      - m_Value: {x: 0, y: 1, z: 0}
        m_Name: SpawnSphere_center
        m_Overridden: 1
    m_Vector4f:
      m_Array: []
    m_Uint:
      m_Array: []
    m_Int:
      m_Array: []
    m_Matrix4x4f:
      m_Array: []
    m_AnimationCurve:
      m_Array: []
    m_Gradient:
      m_Array: []
    m_NamedObject:
      m_Array: []
    m_Bool:
      m_Array: []
--- !u!73398921 &6204193335197773352
VFXRenderer:
  m_ObjectHideFlags: 0
  m_CorrespondingSourceObject: {fileID: 0}
  m_PrefabInstance: {fileID: 0}
  m_PrefabAsset: {fileID: 0}
  m_GameObject: {fileID: 6204193335197773350}
  m_Enabled: 1
  m_CastShadows: 0
  m_ReceiveShadows: 0
  m_DynamicOccludee: 1
  m_MotionVectors: 0
  m_LightProbeUsage: 0
  m_ReflectionProbeUsage: 0
  m_RayTracingMode: 0
  m_RenderingLayerMask: 1
  m_RendererPriority: 0
  m_Materials:
  - {fileID: 0}
  m_StaticBatchInfo:
    firstSubMesh: 0
    subMeshCount: 0
  m_StaticBatchRoot: {fileID: 0}
  m_ProbeAnchor: {fileID: 0}
  m_LightProbeVolumeOverride: {fileID: 0}
  m_ScaleInLightmap: 1
  m_ReceiveGI: 1
  m_PreserveUVs: 0
  m_IgnoreNormalsForChartDetection: 0
  m_ImportantGI: 0
  m_StitchLightmapSeams: 1
  m_SelectedEditorRenderState: 3
  m_MinimumChartSize: 4
  m_AutoUVMaxDistance: 0.5
  m_AutoUVMaxAngle: 89
  m_LightmapParameters: {fileID: 0}
  m_SortingLayerID: 0
  m_SortingLayer: 0
  m_SortingOrder: 0
--- !u!114 &929315879930880715
MonoBehaviour:
  m_ObjectHideFlags: 0
  m_CorrespondingSourceObject: {fileID: 0}
  m_PrefabInstance: {fileID: 0}
  m_PrefabAsset: {fileID: 0}
  m_GameObject: {fileID: 6204193335197773350}
  m_Enabled: 1
  m_EditorHideFlags: 0
  m_Script: {fileID: 11500000, guid: cdafc37f32b176349b1684c4455b98e9, type: 3}
  m_Name: 
  m_EditorClassIdentifier: 
  m_ExecuteInEditor: 1
  m_Bindings:
  - {fileID: 7037897486625280985}
  m_VisualEffect: {fileID: 6204193335197773353}
--- !u!114 &7037897486625280985
MonoBehaviour:
  m_ObjectHideFlags: 0
  m_CorrespondingSourceObject: {fileID: 0}
  m_PrefabInstance: {fileID: 0}
  m_PrefabAsset: {fileID: 0}
  m_GameObject: {fileID: 6204193335197773350}
  m_Enabled: 1
  m_EditorHideFlags: 0
  m_Script: {fileID: 11500000, guid: 07c3070554d0a8944a95ff8f018c2c9f, type: 3}
  m_Name: 
  m_EditorClassIdentifier: 
  m_Property:
    m_Name: SpawnPosition
  Target: {fileID: 6204193335197773351}
