%YAML 1.1
%TAG !u! tag:unity3d.com,2011:
--- !u!1 &2631988871147667688
GameObject:
  m_ObjectHideFlags: 0
  m_CorrespondingSourceObject: {fileID: 0}
  m_PrefabInstance: {fileID: 0}
  m_PrefabAsset: {fileID: 0}
  serializedVersion: 6
  m_Component:
  - component: {fileID: 1028458547916564490}
  m_Layer: 0
  m_Name: Waypoints
  m_TagString: Untagged
  m_Icon: {fileID: 0}
  m_NavMeshLayer: 0
  m_StaticEditorFlags: 0
  m_IsActive: 1
--- !u!4 &1028458547916564490
Transform:
  m_ObjectHideFlags: 0
  m_CorrespondingSourceObject: {fileID: 0}
  m_PrefabInstance: {fileID: 0}
  m_PrefabAsset: {fileID: 0}
  m_GameObject: {fileID: 2631988871147667688}
  m_LocalRotation: {x: -0, y: -0, z: -0, w: 1}
  m_LocalPosition: {x: -1874.089, y: -189, z: 483.76715}
  m_LocalScale: {x: -100, y: 100.00004, z: 100.00004}
  m_Children:
  - {fileID: 6040775691885873518}
  - {fileID: 6417517432252881536}
  m_Father: {fileID: 8447464034611974923}
  m_RootOrder: 1
  m_LocalEulerAnglesHint: {x: 0, y: 0, z: 0}
--- !u!1 &5457285829393384407
GameObject:
  m_ObjectHideFlags: 0
  m_CorrespondingSourceObject: {fileID: 0}
  m_PrefabInstance: {fileID: 0}
  m_PrefabAsset: {fileID: 0}
  serializedVersion: 6
  m_Component:
  - component: {fileID: 6470549157089353607}
  m_Layer: 0
  m_Name: Invert
  m_TagString: Untagged
  m_Icon: {fileID: 0}
  m_NavMeshLayer: 0
  m_StaticEditorFlags: 0
  m_IsActive: 1
--- !u!4 &6470549157089353607
Transform:
  m_ObjectHideFlags: 0
  m_CorrespondingSourceObject: {fileID: 0}
  m_PrefabInstance: {fileID: 0}
  m_PrefabAsset: {fileID: 0}
  m_GameObject: {fileID: 5457285829393384407}
  m_LocalRotation: {x: 0, y: 0, z: 0, w: 1}
  m_LocalPosition: {x: -3747, y: 41.5, z: 0}
  m_LocalScale: {x: -1, y: 1, z: 1}
  m_Children:
  - {fileID: 2060855667735534806}
  m_Father: {fileID: 8447464034611974923}
  m_RootOrder: 2
  m_LocalEulerAnglesHint: {x: 0, y: 0, z: 0}
--- !u!1 &8904715946290496302
GameObject:
  m_ObjectHideFlags: 0
  m_CorrespondingSourceObject: {fileID: 0}
  m_PrefabInstance: {fileID: 0}
  m_PrefabAsset: {fileID: 0}
  serializedVersion: 6
  m_Component:
  - component: {fileID: 5280778940095201074}
  m_Layer: 0
  m_Name: AttacheArriveeBloc2
  m_TagString: Untagged
  m_Icon: {fileID: 0}
  m_NavMeshLayer: 0
  m_StaticEditorFlags: 0
  m_IsActive: 1
--- !u!4 &5280778940095201074
Transform:
  m_ObjectHideFlags: 0
  m_CorrespondingSourceObject: {fileID: 0}
  m_PrefabInstance: {fileID: 0}
  m_PrefabAsset: {fileID: 0}
  m_GameObject: {fileID: 8904715946290496302}
  m_LocalRotation: {x: -0, y: -0, z: -0, w: 1}
  m_LocalPosition: {x: 220.70593, y: -338.4563, z: 1227.9283}
  m_LocalScale: {x: 1, y: 1, z: 1}
  m_Children: []
  m_Father: {fileID: 8447464034611974923}
  m_RootOrder: 0
  m_LocalEulerAnglesHint: {x: 0, y: 0, z: 0}
--- !u!1 &9110988088391174577
GameObject:
  m_ObjectHideFlags: 0
  m_CorrespondingSourceObject: {fileID: 0}
  m_PrefabInstance: {fileID: 0}
  m_PrefabAsset: {fileID: 0}
  serializedVersion: 6
  m_Component:
  - component: {fileID: 8447464034611974923}
  - component: {fileID: -3558387458643728501}
  - component: {fileID: -8930834214850138994}
  m_Layer: 0
  m_Name: Mirror_Bloc2
  m_TagString: Untagged
  m_Icon: {fileID: 0}
  m_NavMeshLayer: 0
  m_StaticEditorFlags: 0
  m_IsActive: 1
--- !u!4 &8447464034611974923
Transform:
  m_ObjectHideFlags: 0
  m_CorrespondingSourceObject: {fileID: 0}
  m_PrefabInstance: {fileID: 0}
  m_PrefabAsset: {fileID: 0}
  m_GameObject: {fileID: 9110988088391174577}
  m_LocalRotation: {x: 0, y: 0, z: 0, w: 1}
  m_LocalPosition: {x: 0, y: 0, z: 0}
  m_LocalScale: {x: 1, y: 1, z: 1}
  m_Children:
  - {fileID: 5280778940095201074}
  - {fileID: 1028458547916564490}
  - {fileID: 6470549157089353607}
  m_Father: {fileID: 0}
  m_RootOrder: 0
  m_LocalEulerAnglesHint: {x: 0, y: 0, z: 0}
--- !u!114 &-3558387458643728501
MonoBehaviour:
  m_ObjectHideFlags: 0
  m_CorrespondingSourceObject: {fileID: 0}
  m_PrefabInstance: {fileID: 0}
  m_PrefabAsset: {fileID: 0}
  m_GameObject: {fileID: 9110988088391174577}
  m_Enabled: 1
  m_EditorHideFlags: 0
  m_Script: {fileID: 11500000, guid: 50c5328bd09722a48b70af39bddc80ad, type: 3}
  m_Name: 
  m_EditorClassIdentifier: 
  StartPoint: {fileID: 8447464034611974923}
  EndPoint: {fileID: 5280778940095201074}
  isMirror: 1
  waypointsBloc:
  - {fileID: 6040775691885873519}
  - {fileID: 6417517432252881537}
--- !u!114 &-8930834214850138994
MonoBehaviour:
  m_ObjectHideFlags: 0
  m_CorrespondingSourceObject: {fileID: 0}
  m_PrefabInstance: {fileID: 0}
  m_PrefabAsset: {fileID: 0}
  m_GameObject: {fileID: 9110988088391174577}
  m_Enabled: 1
  m_EditorHideFlags: 0
  m_Script: {fileID: 11500000, guid: aa584fbee541324448dd18d8409c7a41, type: 3}
  m_Name: 
  m_EditorClassIdentifier: 
  ObservedComponentsFoldoutOpen: 1
  Group: 0
  prefixField: -1
  Synchronization: 3
  OwnershipTransfer: 0
  observableSearch: 2
  ObservedComponents: []
  sceneViewId: 0
  InstantiationId: 0
  isRuntimeInstantiated: 0
--- !u!1001 &5957918290521575743
PrefabInstance:
  m_ObjectHideFlags: 0
  serializedVersion: 2
  m_Modification:
    m_TransformParent: {fileID: 1028458547916564490}
    m_Modifications:
    - target: {fileID: 106927930633574480, guid: 15eda695e63458546b04f68e04d03345,
        type: 3}
      propertyPath: m_Name
      value: Waypoint
      objectReference: {fileID: 0}
    - target: {fileID: 106927930633574481, guid: 15eda695e63458546b04f68e04d03345,
        type: 3}
      propertyPath: m_LocalPosition.x
      value: 0.0781665
      objectReference: {fileID: 0}
    - target: {fileID: 106927930633574481, guid: 15eda695e63458546b04f68e04d03345,
        type: 3}
      propertyPath: m_LocalPosition.y
      value: 1.359
      objectReference: {fileID: 0}
    - target: {fileID: 106927930633574481, guid: 15eda695e63458546b04f68e04d03345,
        type: 3}
      propertyPath: m_LocalPosition.z
      value: -4.42
      objectReference: {fileID: 0}
    - target: {fileID: 106927930633574481, guid: 15eda695e63458546b04f68e04d03345,
        type: 3}
      propertyPath: m_LocalRotation.x
      value: 0
      objectReference: {fileID: 0}
    - target: {fileID: 106927930633574481, guid: 15eda695e63458546b04f68e04d03345,
        type: 3}
      propertyPath: m_LocalRotation.y
      value: 0.7071068
      objectReference: {fileID: 0}
    - target: {fileID: 106927930633574481, guid: 15eda695e63458546b04f68e04d03345,
        type: 3}
      propertyPath: m_LocalRotation.z
      value: 0
      objectReference: {fileID: 0}
    - target: {fileID: 106927930633574481, guid: 15eda695e63458546b04f68e04d03345,
        type: 3}
      propertyPath: m_LocalRotation.w
      value: 0.7071068
      objectReference: {fileID: 0}
    - target: {fileID: 106927930633574481, guid: 15eda695e63458546b04f68e04d03345,
        type: 3}
      propertyPath: m_RootOrder
      value: 0
      objectReference: {fileID: 0}
    - target: {fileID: 106927930633574481, guid: 15eda695e63458546b04f68e04d03345,
        type: 3}
      propertyPath: m_LocalEulerAnglesHint.x
      value: 0
      objectReference: {fileID: 0}
    - target: {fileID: 106927930633574481, guid: 15eda695e63458546b04f68e04d03345,
        type: 3}
      propertyPath: m_LocalEulerAnglesHint.y
      value: 90
      objectReference: {fileID: 0}
    - target: {fileID: 106927930633574481, guid: 15eda695e63458546b04f68e04d03345,
        type: 3}
      propertyPath: m_LocalEulerAnglesHint.z
      value: 0
      objectReference: {fileID: 0}
    - target: {fileID: 106927930633574481, guid: 15eda695e63458546b04f68e04d03345,
        type: 3}
      propertyPath: m_LocalScale.y
      value: 0.2
      objectReference: {fileID: 0}
    m_RemovedComponents: []
  m_SourcePrefab: {fileID: 100100000, guid: 15eda695e63458546b04f68e04d03345, type: 3}
--- !u!1 &6040775691885873519 stripped
GameObject:
  m_CorrespondingSourceObject: {fileID: 106927930633574480, guid: 15eda695e63458546b04f68e04d03345,
    type: 3}
  m_PrefabInstance: {fileID: 5957918290521575743}
  m_PrefabAsset: {fileID: 0}
--- !u!4 &6040775691885873518 stripped
Transform:
  m_CorrespondingSourceObject: {fileID: 106927930633574481, guid: 15eda695e63458546b04f68e04d03345,
    type: 3}
  m_PrefabInstance: {fileID: 5957918290521575743}
  m_PrefabAsset: {fileID: 0}
--- !u!1001 &6373851831586783953
PrefabInstance:
  m_ObjectHideFlags: 0
  serializedVersion: 2
  m_Modification:
    m_TransformParent: {fileID: 1028458547916564490}
    m_Modifications:
    - target: {fileID: 106927930633574480, guid: 15eda695e63458546b04f68e04d03345,
        type: 3}
      propertyPath: m_Name
      value: Waypoint (1)
      objectReference: {fileID: 0}
    - target: {fileID: 106927930633574481, guid: 15eda695e63458546b04f68e04d03345,
        type: 3}
      propertyPath: m_LocalPosition.x
      value: -2.37
      objectReference: {fileID: 0}
    - target: {fileID: 106927930633574481, guid: 15eda695e63458546b04f68e04d03345,
        type: 3}
      propertyPath: m_LocalPosition.y
      value: -1.733
      objectReference: {fileID: 0}
    - target: {fileID: 106927930633574481, guid: 15eda695e63458546b04f68e04d03345,
        type: 3}
      propertyPath: m_LocalPosition.z
      value: 6.959
      objectReference: {fileID: 0}
    - target: {fileID: 106927930633574481, guid: 15eda695e63458546b04f68e04d03345,
        type: 3}
      propertyPath: m_LocalRotation.x
      value: 0
      objectReference: {fileID: 0}
    - target: {fileID: 106927930633574481, guid: 15eda695e63458546b04f68e04d03345,
        type: 3}
      propertyPath: m_LocalRotation.y
      value: 0.7071068
      objectReference: {fileID: 0}
    - target: {fileID: 106927930633574481, guid: 15eda695e63458546b04f68e04d03345,
        type: 3}
      propertyPath: m_LocalRotation.z
      value: 0
      objectReference: {fileID: 0}
    - target: {fileID: 106927930633574481, guid: 15eda695e63458546b04f68e04d03345,
        type: 3}
      propertyPath: m_LocalRotation.w
      value: 0.7071068
      objectReference: {fileID: 0}
    - target: {fileID: 106927930633574481, guid: 15eda695e63458546b04f68e04d03345,
        type: 3}
      propertyPath: m_RootOrder
      value: 1
      objectReference: {fileID: 0}
    - target: {fileID: 106927930633574481, guid: 15eda695e63458546b04f68e04d03345,
        type: 3}
      propertyPath: m_LocalEulerAnglesHint.x
      value: 0
      objectReference: {fileID: 0}
    - target: {fileID: 106927930633574481, guid: 15eda695e63458546b04f68e04d03345,
        type: 3}
      propertyPath: m_LocalEulerAnglesHint.y
      value: 90
      objectReference: {fileID: 0}
    - target: {fileID: 106927930633574481, guid: 15eda695e63458546b04f68e04d03345,
        type: 3}
      propertyPath: m_LocalEulerAnglesHint.z
      value: 0
      objectReference: {fileID: 0}
    - target: {fileID: 106927930633574481, guid: 15eda695e63458546b04f68e04d03345,
        type: 3}
      propertyPath: m_LocalScale.y
      value: 0.2
      objectReference: {fileID: 0}
    - target: {fileID: 106927930633574485, guid: 15eda695e63458546b04f68e04d03345,
        type: 3}
      propertyPath: ID
      value: 1
      objectReference: {fileID: 0}
    m_RemovedComponents: []
  m_SourcePrefab: {fileID: 100100000, guid: 15eda695e63458546b04f68e04d03345, type: 3}
--- !u!1 &6417517432252881537 stripped
GameObject:
  m_CorrespondingSourceObject: {fileID: 106927930633574480, guid: 15eda695e63458546b04f68e04d03345,
    type: 3}
  m_PrefabInstance: {fileID: 6373851831586783953}
  m_PrefabAsset: {fileID: 0}
--- !u!4 &6417517432252881536 stripped
Transform:
  m_CorrespondingSourceObject: {fileID: 106927930633574481, guid: 15eda695e63458546b04f68e04d03345,
    type: 3}
  m_PrefabInstance: {fileID: 6373851831586783953}
  m_PrefabAsset: {fileID: 0}
--- !u!1001 &7249846436044708251
PrefabInstance:
  m_ObjectHideFlags: 0
  serializedVersion: 2
  m_Modification:
    m_TransformParent: {fileID: 6470549157089353607}
    m_Modifications:
    - target: {fileID: 211706117, guid: 6ac1d422b14320e4f8ed1d0af60e14df, type: 3}
      propertyPath: m_Materials.Array.data[0]
      value: 
      objectReference: {fileID: 0}
    - target: {fileID: 1588493671, guid: 6ac1d422b14320e4f8ed1d0af60e14df, type: 3}
      propertyPath: m_Materials.Array.data[0]
      value: 
      objectReference: {fileID: 0}
    - target: {fileID: 171884016144450178, guid: 6ac1d422b14320e4f8ed1d0af60e14df,
        type: 3}
      propertyPath: m_Materials.Array.data[0]
      value: 
      objectReference: {fileID: 0}
    - target: {fileID: 171884016312630930, guid: 6ac1d422b14320e4f8ed1d0af60e14df,
        type: 3}
      propertyPath: m_Materials.Array.data[0]
      value: 
      objectReference: {fileID: 0}
    - target: {fileID: 171884016543741587, guid: 6ac1d422b14320e4f8ed1d0af60e14df,
        type: 3}
      propertyPath: m_Materials.Array.data[0]
      value: 
      objectReference: {fileID: 0}
    - target: {fileID: 171884016634741244, guid: 6ac1d422b14320e4f8ed1d0af60e14df,
        type: 3}
      propertyPath: m_Materials.Array.data[0]
      value: 
      objectReference: {fileID: 0}
    - target: {fileID: 171884017186317008, guid: 6ac1d422b14320e4f8ed1d0af60e14df,
        type: 3}
      propertyPath: m_Materials.Array.data[0]
      value: 
      objectReference: {fileID: 0}
    - target: {fileID: 171884017389778835, guid: 6ac1d422b14320e4f8ed1d0af60e14df,
        type: 3}
      propertyPath: m_Materials.Array.data[0]
      value: 
      objectReference: {fileID: 0}
    - target: {fileID: 171884017605781472, guid: 6ac1d422b14320e4f8ed1d0af60e14df,
        type: 3}
      propertyPath: m_Materials.Array.data[0]
      value: 
      objectReference: {fileID: 0}
    - target: {fileID: 171884017627268576, guid: 6ac1d422b14320e4f8ed1d0af60e14df,
        type: 3}
      propertyPath: m_Materials.Array.data[0]
      value: 
      objectReference: {fileID: 0}
    - target: {fileID: 171884017660470929, guid: 6ac1d422b14320e4f8ed1d0af60e14df,
        type: 3}
      propertyPath: m_Materials.Array.data[0]
      value: 
      objectReference: {fileID: 0}
    - target: {fileID: 1582706009185592799, guid: 6ac1d422b14320e4f8ed1d0af60e14df,
        type: 3}
      propertyPath: m_Materials.Array.data[0]
      value: 
      objectReference: {fileID: 0}
    - target: {fileID: 1582706009185592799, guid: 6ac1d422b14320e4f8ed1d0af60e14df,
        type: 3}
      propertyPath: m_Materials.Array.data[1]
      value: 
      objectReference: {fileID: 0}
    - target: {fileID: 1582706009185592799, guid: 6ac1d422b14320e4f8ed1d0af60e14df,
        type: 3}
      propertyPath: m_Materials.Array.data[2]
      value: 
      objectReference: {fileID: 0}
    - target: {fileID: 1635730196872174901, guid: 6ac1d422b14320e4f8ed1d0af60e14df,
        type: 3}
      propertyPath: m_Materials.Array.data[0]
      value: 
      objectReference: {fileID: 0}
    - target: {fileID: 1635730196904277901, guid: 6ac1d422b14320e4f8ed1d0af60e14df,
        type: 3}
      propertyPath: m_Materials.Array.data[0]
      value: 
      objectReference: {fileID: 0}
    - target: {fileID: 1635730197458449578, guid: 6ac1d422b14320e4f8ed1d0af60e14df,
        type: 3}
      propertyPath: m_Materials.Array.data[0]
      value: 
      objectReference: {fileID: 0}
    - target: {fileID: 1635730197679213196, guid: 6ac1d422b14320e4f8ed1d0af60e14df,
        type: 3}
      propertyPath: m_Materials.Array.data[0]
      value: 
      objectReference: {fileID: 0}
    - target: {fileID: 1635730197949213098, guid: 6ac1d422b14320e4f8ed1d0af60e14df,
        type: 3}
      propertyPath: m_Materials.Array.data[0]
      value: 
      objectReference: {fileID: 0}
    - target: {fileID: 1635730198013593025, guid: 6ac1d422b14320e4f8ed1d0af60e14df,
        type: 3}
      propertyPath: m_Materials.Array.data[0]
      value: 
      objectReference: {fileID: 0}
    - target: {fileID: 1635730198081136432, guid: 6ac1d422b14320e4f8ed1d0af60e14df,
        type: 3}
      propertyPath: m_Materials.Array.data[0]
      value: 
      objectReference: {fileID: 0}
    - target: {fileID: 1635730198131454330, guid: 6ac1d422b14320e4f8ed1d0af60e14df,
        type: 3}
      propertyPath: m_Materials.Array.data[0]
      value: 
      objectReference: {fileID: 0}
    - target: {fileID: 1635730198176839526, guid: 6ac1d422b14320e4f8ed1d0af60e14df,
        type: 3}
      propertyPath: m_Materials.Array.data[0]
      value: 
      objectReference: {fileID: 0}
    - target: {fileID: 1635730198276335924, guid: 6ac1d422b14320e4f8ed1d0af60e14df,
        type: 3}
      propertyPath: m_Materials.Array.data[0]
      value: 
      objectReference: {fileID: 0}
    - target: {fileID: 1635730198442078306, guid: 6ac1d422b14320e4f8ed1d0af60e14df,
        type: 3}
      propertyPath: m_Materials.Array.data[0]
      value: 
      objectReference: {fileID: 0}
    - target: {fileID: 1635730198504745760, guid: 6ac1d422b14320e4f8ed1d0af60e14df,
        type: 3}
      propertyPath: m_Materials.Array.data[0]
      value: 
      objectReference: {fileID: 0}
    - target: {fileID: 1635730198598341644, guid: 6ac1d422b14320e4f8ed1d0af60e14df,
        type: 3}
      propertyPath: m_Materials.Array.data[0]
      value: 
      objectReference: {fileID: 0}
    - target: {fileID: 1685954373185280334, guid: 6ac1d422b14320e4f8ed1d0af60e14df,
        type: 3}
      propertyPath: m_Materials.Array.data[0]
      value: 
      objectReference: {fileID: 0}
    - target: {fileID: 2052309814194447107, guid: 6ac1d422b14320e4f8ed1d0af60e14df,
        type: 3}
      propertyPath: m_Materials.Array.data[0]
      value: 
      objectReference: {fileID: 0}
    - target: {fileID: 2052309814827460418, guid: 6ac1d422b14320e4f8ed1d0af60e14df,
        type: 3}
      propertyPath: m_Materials.Array.data[0]
      value: 
      objectReference: {fileID: 0}
    - target: {fileID: 2052309814860776499, guid: 6ac1d422b14320e4f8ed1d0af60e14df,
        type: 3}
      propertyPath: m_Materials.Array.data[0]
      value: 
      objectReference: {fileID: 0}
    - target: {fileID: 2052309814882281011, guid: 6ac1d422b14320e4f8ed1d0af60e14df,
        type: 3}
      propertyPath: m_Materials.Array.data[0]
      value: 
      objectReference: {fileID: 0}
    - target: {fileID: 2052309815098291776, guid: 6ac1d422b14320e4f8ed1d0af60e14df,
        type: 3}
      propertyPath: m_Materials.Array.data[0]
      value: 
      objectReference: {fileID: 0}
    - target: {fileID: 2052309815236297553, guid: 6ac1d422b14320e4f8ed1d0af60e14df,
        type: 3}
      propertyPath: m_Materials.Array.data[0]
      value: 
      objectReference: {fileID: 0}
    - target: {fileID: 2052309815819649071, guid: 6ac1d422b14320e4f8ed1d0af60e14df,
        type: 3}
      propertyPath: m_Materials.Array.data[0]
      value: 
      objectReference: {fileID: 0}
    - target: {fileID: 2052309815908546368, guid: 6ac1d422b14320e4f8ed1d0af60e14df,
        type: 3}
      propertyPath: m_Materials.Array.data[0]
      value: 
      objectReference: {fileID: 0}
    - target: {fileID: 2052309816139792193, guid: 6ac1d422b14320e4f8ed1d0af60e14df,
        type: 3}
      propertyPath: m_Materials.Array.data[0]
      value: 
      objectReference: {fileID: 0}
    - target: {fileID: 2488255060428342817, guid: 6ac1d422b14320e4f8ed1d0af60e14df,
        type: 3}
      propertyPath: m_Materials.Array.data[0]
      value: 
      objectReference: {fileID: 0}
    - target: {fileID: 2488255060428342817, guid: 6ac1d422b14320e4f8ed1d0af60e14df,
        type: 3}
      propertyPath: m_Materials.Array.data[1]
      value: 
      objectReference: {fileID: 0}
    - target: {fileID: 2488255060428342817, guid: 6ac1d422b14320e4f8ed1d0af60e14df,
        type: 3}
      propertyPath: m_Materials.Array.data[2]
      value: 
      objectReference: {fileID: 0}
    - target: {fileID: 2632089361095684575, guid: 6ac1d422b14320e4f8ed1d0af60e14df,
        type: 3}
      propertyPath: m_Materials.Array.data[0]
      value: 
      objectReference: {fileID: 0}
    - target: {fileID: 2632089361095684575, guid: 6ac1d422b14320e4f8ed1d0af60e14df,
        type: 3}
      propertyPath: m_Materials.Array.data[1]
      value: 
      objectReference: {fileID: 0}
    - target: {fileID: 2632089361095684575, guid: 6ac1d422b14320e4f8ed1d0af60e14df,
        type: 3}
      propertyPath: m_Materials.Array.data[2]
      value: 
      objectReference: {fileID: 0}
    - target: {fileID: 2632089361396617529, guid: 6ac1d422b14320e4f8ed1d0af60e14df,
        type: 3}
      propertyPath: m_Materials.Array.data[0]
      value: 
      objectReference: {fileID: 0}
    - target: {fileID: 2632089361396617529, guid: 6ac1d422b14320e4f8ed1d0af60e14df,
        type: 3}
      propertyPath: m_Materials.Array.data[1]
      value: 
      objectReference: {fileID: 0}
    - target: {fileID: 2632089361396617529, guid: 6ac1d422b14320e4f8ed1d0af60e14df,
        type: 3}
      propertyPath: m_Materials.Array.data[2]
      value: 
      objectReference: {fileID: 0}
    - target: {fileID: 2632089361448721809, guid: 6ac1d422b14320e4f8ed1d0af60e14df,
        type: 3}
      propertyPath: m_Materials.Array.data[0]
      value: 
      objectReference: {fileID: 0}
    - target: {fileID: 2632089361448721809, guid: 6ac1d422b14320e4f8ed1d0af60e14df,
        type: 3}
      propertyPath: m_Materials.Array.data[1]
      value: 
      objectReference: {fileID: 0}
    - target: {fileID: 2632089361448721809, guid: 6ac1d422b14320e4f8ed1d0af60e14df,
        type: 3}
      propertyPath: m_Materials.Array.data[2]
      value: 
      objectReference: {fileID: 0}
    - target: {fileID: 2632089361450635844, guid: 6ac1d422b14320e4f8ed1d0af60e14df,
        type: 3}
      propertyPath: m_Materials.Array.data[0]
      value: 
      objectReference: {fileID: 0}
    - target: {fileID: 2632089361450635844, guid: 6ac1d422b14320e4f8ed1d0af60e14df,
        type: 3}
      propertyPath: m_Materials.Array.data[1]
      value: 
      objectReference: {fileID: 0}
    - target: {fileID: 2632089361450635844, guid: 6ac1d422b14320e4f8ed1d0af60e14df,
        type: 3}
      propertyPath: m_Materials.Array.data[2]
      value: 
      objectReference: {fileID: 0}
    - target: {fileID: 2632089361622828002, guid: 6ac1d422b14320e4f8ed1d0af60e14df,
        type: 3}
      propertyPath: m_Materials.Array.data[0]
      value: 
      objectReference: {fileID: 0}
    - target: {fileID: 2632089361622828002, guid: 6ac1d422b14320e4f8ed1d0af60e14df,
        type: 3}
      propertyPath: m_Materials.Array.data[1]
      value: 
      objectReference: {fileID: 0}
    - target: {fileID: 2632089361622828002, guid: 6ac1d422b14320e4f8ed1d0af60e14df,
        type: 3}
      propertyPath: m_Materials.Array.data[2]
      value: 
      objectReference: {fileID: 0}
    - target: {fileID: 2632089361651185772, guid: 6ac1d422b14320e4f8ed1d0af60e14df,
        type: 3}
      propertyPath: m_Materials.Array.data[0]
      value: 
      objectReference: {fileID: 0}
    - target: {fileID: 2632089361651185772, guid: 6ac1d422b14320e4f8ed1d0af60e14df,
        type: 3}
      propertyPath: m_Materials.Array.data[1]
      value: 
      objectReference: {fileID: 0}
    - target: {fileID: 2632089361651185772, guid: 6ac1d422b14320e4f8ed1d0af60e14df,
        type: 3}
      propertyPath: m_Materials.Array.data[2]
      value: 
      objectReference: {fileID: 0}
    - target: {fileID: 2632089361839621296, guid: 6ac1d422b14320e4f8ed1d0af60e14df,
        type: 3}
      propertyPath: m_Materials.Array.data[0]
      value: 
      objectReference: {fileID: 0}
    - target: {fileID: 2632089361839621296, guid: 6ac1d422b14320e4f8ed1d0af60e14df,
        type: 3}
      propertyPath: m_Materials.Array.data[1]
      value: 
      objectReference: {fileID: 0}
    - target: {fileID: 2632089361839621296, guid: 6ac1d422b14320e4f8ed1d0af60e14df,
        type: 3}
      propertyPath: m_Materials.Array.data[2]
      value: 
      objectReference: {fileID: 0}
    - target: {fileID: 2632089362293550925, guid: 6ac1d422b14320e4f8ed1d0af60e14df,
        type: 3}
      propertyPath: m_Materials.Array.data[0]
      value: 
      objectReference: {fileID: 0}
    - target: {fileID: 2632089362293550925, guid: 6ac1d422b14320e4f8ed1d0af60e14df,
        type: 3}
      propertyPath: m_Materials.Array.data[1]
      value: 
      objectReference: {fileID: 0}
    - target: {fileID: 2632089362293550925, guid: 6ac1d422b14320e4f8ed1d0af60e14df,
        type: 3}
      propertyPath: m_Materials.Array.data[2]
      value: 
      objectReference: {fileID: 0}
    - target: {fileID: 2632089362547290941, guid: 6ac1d422b14320e4f8ed1d0af60e14df,
        type: 3}
      propertyPath: m_Materials.Array.data[0]
      value: 
      objectReference: {fileID: 0}
    - target: {fileID: 2632089362547290941, guid: 6ac1d422b14320e4f8ed1d0af60e14df,
        type: 3}
      propertyPath: m_Materials.Array.data[1]
      value: 
      objectReference: {fileID: 0}
    - target: {fileID: 2632089362547290941, guid: 6ac1d422b14320e4f8ed1d0af60e14df,
        type: 3}
      propertyPath: m_Materials.Array.data[2]
      value: 
      objectReference: {fileID: 0}
    - target: {fileID: 3185279458547293531, guid: 6ac1d422b14320e4f8ed1d0af60e14df,
        type: 3}
      propertyPath: m_Materials.Array.data[0]
      value: 
      objectReference: {fileID: 0}
    - target: {fileID: 3185279458612941334, guid: 6ac1d422b14320e4f8ed1d0af60e14df,
        type: 3}
      propertyPath: m_Materials.Array.data[0]
      value: 
      objectReference: {fileID: 0}
    - target: {fileID: 3185279458680680679, guid: 6ac1d422b14320e4f8ed1d0af60e14df,
        type: 3}
      propertyPath: m_Materials.Array.data[0]
      value: 
      objectReference: {fileID: 0}
    - target: {fileID: 3185279458817326717, guid: 6ac1d422b14320e4f8ed1d0af60e14df,
        type: 3}
      propertyPath: m_Materials.Array.data[0]
      value: 
      objectReference: {fileID: 0}
    - target: {fileID: 3185279458875555555, guid: 6ac1d422b14320e4f8ed1d0af60e14df,
        type: 3}
      propertyPath: m_Materials.Array.data[0]
      value: 
      objectReference: {fileID: 0}
    - target: {fileID: 3185279458999461549, guid: 6ac1d422b14320e4f8ed1d0af60e14df,
        type: 3}
      propertyPath: m_Materials.Array.data[0]
      value: 
      objectReference: {fileID: 0}
    - target: {fileID: 3185279459044778161, guid: 6ac1d422b14320e4f8ed1d0af60e14df,
        type: 3}
      propertyPath: m_Materials.Array.data[0]
      value: 
      objectReference: {fileID: 0}
    - target: {fileID: 3185279459197879259, guid: 6ac1d422b14320e4f8ed1d0af60e14df,
        type: 3}
      propertyPath: m_Materials.Array.data[0]
      value: 
      objectReference: {fileID: 0}
    - target: {fileID: 3185279459310118837, guid: 6ac1d422b14320e4f8ed1d0af60e14df,
        type: 3}
      propertyPath: m_Materials.Array.data[0]
      value: 
      objectReference: {fileID: 0}
    - target: {fileID: 3185279459372760311, guid: 6ac1d422b14320e4f8ed1d0af60e14df,
        type: 3}
      propertyPath: m_Materials.Array.data[0]
      value: 
      objectReference: {fileID: 0}
    - target: {fileID: 3185279459887532770, guid: 6ac1d422b14320e4f8ed1d0af60e14df,
        type: 3}
      propertyPath: m_Materials.Array.data[0]
      value: 
      objectReference: {fileID: 0}
    - target: {fileID: 3185279459919405146, guid: 6ac1d422b14320e4f8ed1d0af60e14df,
        type: 3}
      propertyPath: m_Materials.Array.data[0]
      value: 
      objectReference: {fileID: 0}
    - target: {fileID: 3185279460473578365, guid: 6ac1d422b14320e4f8ed1d0af60e14df,
        type: 3}
      propertyPath: m_Materials.Array.data[0]
      value: 
      objectReference: {fileID: 0}
    - target: {fileID: 5025643548466969304, guid: 6ac1d422b14320e4f8ed1d0af60e14df,
        type: 3}
      propertyPath: m_Materials.Array.data[0]
      value: 
      objectReference: {fileID: 0}
    - target: {fileID: 5057156330663722097, guid: 6ac1d422b14320e4f8ed1d0af60e14df,
        type: 3}
      propertyPath: m_Materials.Array.data[0]
      value: 
      objectReference: {fileID: 0}
    - target: {fileID: 5057156330663722097, guid: 6ac1d422b14320e4f8ed1d0af60e14df,
        type: 3}
      propertyPath: m_Materials.Array.data[1]
      value: 
      objectReference: {fileID: 0}
    - target: {fileID: 5057156330663722097, guid: 6ac1d422b14320e4f8ed1d0af60e14df,
        type: 3}
      propertyPath: m_Materials.Array.data[2]
      value: 
      objectReference: {fileID: 0}
    - target: {fileID: 5209478468826481580, guid: 6ac1d422b14320e4f8ed1d0af60e14df,
        type: 3}
      propertyPath: m_Materials.Array.data[0]
      value: 
      objectReference: {fileID: 0}
    - target: {fileID: 5837707747720242752, guid: 6ac1d422b14320e4f8ed1d0af60e14df,
        type: 3}
      propertyPath: m_Materials.Array.data[0]
      value: 
      objectReference: {fileID: 0}
    - target: {fileID: 5837707747720242752, guid: 6ac1d422b14320e4f8ed1d0af60e14df,
        type: 3}
      propertyPath: m_Materials.Array.data[1]
      value: 
      objectReference: {fileID: 0}
    - target: {fileID: 5837707747720242752, guid: 6ac1d422b14320e4f8ed1d0af60e14df,
        type: 3}
      propertyPath: m_Materials.Array.data[2]
      value: 
      objectReference: {fileID: 0}
    - target: {fileID: 6246832987540378762, guid: 6ac1d422b14320e4f8ed1d0af60e14df,
        type: 3}
      propertyPath: m_Materials.Array.data[0]
      value: 
      objectReference: {fileID: 0}
    - target: {fileID: 6246832987540378762, guid: 6ac1d422b14320e4f8ed1d0af60e14df,
        type: 3}
      propertyPath: m_Materials.Array.data[1]
      value: 
      objectReference: {fileID: 0}
    - target: {fileID: 6246832987540378762, guid: 6ac1d422b14320e4f8ed1d0af60e14df,
        type: 3}
      propertyPath: m_Materials.Array.data[2]
      value: 
      objectReference: {fileID: 0}
    - target: {fileID: 6281486825021134678, guid: 6ac1d422b14320e4f8ed1d0af60e14df,
        type: 3}
      propertyPath: m_Materials.Array.data[0]
      value: 
      objectReference: {fileID: 0}
    - target: {fileID: 6281486825222918437, guid: 6ac1d422b14320e4f8ed1d0af60e14df,
        type: 3}
      propertyPath: m_Materials.Array.data[0]
      value: 
      objectReference: {fileID: 0}
    - target: {fileID: 6281486825300542566, guid: 6ac1d422b14320e4f8ed1d0af60e14df,
        type: 3}
      propertyPath: m_Materials.Array.data[0]
      value: 
      objectReference: {fileID: 0}
    - target: {fileID: 6281486825501409813, guid: 6ac1d422b14320e4f8ed1d0af60e14df,
        type: 3}
      propertyPath: m_Materials.Array.data[0]
      value: 
      objectReference: {fileID: 0}
    - target: {fileID: 6281486825538057749, guid: 6ac1d422b14320e4f8ed1d0af60e14df,
        type: 3}
      propertyPath: m_Materials.Array.data[0]
      value: 
      objectReference: {fileID: 0}
    - target: {fileID: 6281486825571243364, guid: 6ac1d422b14320e4f8ed1d0af60e14df,
        type: 3}
      propertyPath: m_Materials.Array.data[0]
      value: 
      objectReference: {fileID: 0}
    - target: {fileID: 6281486825642382357, guid: 6ac1d422b14320e4f8ed1d0af60e14df,
        type: 3}
      propertyPath: m_Materials.Array.data[0]
      value: 
      objectReference: {fileID: 0}
    - target: {fileID: 6281486825709032038, guid: 6ac1d422b14320e4f8ed1d0af60e14df,
        type: 3}
      propertyPath: m_Materials.Array.data[0]
      value: 
      objectReference: {fileID: 0}
    - target: {fileID: 6281486825737875558, guid: 6ac1d422b14320e4f8ed1d0af60e14df,
        type: 3}
      propertyPath: m_Materials.Array.data[0]
      value: 
      objectReference: {fileID: 0}
    - target: {fileID: 6281486825771193111, guid: 6ac1d422b14320e4f8ed1d0af60e14df,
        type: 3}
      propertyPath: m_Materials.Array.data[0]
      value: 
      objectReference: {fileID: 0}
    - target: {fileID: 6281486826125457156, guid: 6ac1d422b14320e4f8ed1d0af60e14df,
        type: 3}
      propertyPath: m_Materials.Array.data[0]
      value: 
      objectReference: {fileID: 0}
    - target: {fileID: 6281486826194334071, guid: 6ac1d422b14320e4f8ed1d0af60e14df,
        type: 3}
      propertyPath: m_Materials.Array.data[0]
      value: 
      objectReference: {fileID: 0}
    - target: {fileID: 6281486826362490215, guid: 6ac1d422b14320e4f8ed1d0af60e14df,
        type: 3}
      propertyPath: m_Materials.Array.data[0]
      value: 
      objectReference: {fileID: 0}
    - target: {fileID: 6281486826565454612, guid: 6ac1d422b14320e4f8ed1d0af60e14df,
        type: 3}
      propertyPath: m_Materials.Array.data[0]
      value: 
      objectReference: {fileID: 0}
    - target: {fileID: 6281486826601989478, guid: 6ac1d422b14320e4f8ed1d0af60e14df,
        type: 3}
      propertyPath: m_Materials.Array.data[0]
      value: 
      objectReference: {fileID: 0}
    - target: {fileID: 6281486826625545338, guid: 6ac1d422b14320e4f8ed1d0af60e14df,
        type: 3}
      propertyPath: m_Materials.Array.data[0]
      value: 
      objectReference: {fileID: 0}
    - target: {fileID: 6281486826804036373, guid: 6ac1d422b14320e4f8ed1d0af60e14df,
        type: 3}
      propertyPath: m_Materials.Array.data[0]
      value: 
      objectReference: {fileID: 0}
    - target: {fileID: 6281486826827198985, guid: 6ac1d422b14320e4f8ed1d0af60e14df,
        type: 3}
      propertyPath: m_Materials.Array.data[0]
      value: 
      objectReference: {fileID: 0}
    - target: {fileID: 6344932985973211506, guid: 6ac1d422b14320e4f8ed1d0af60e14df,
        type: 3}
      propertyPath: m_LocalScale.x
      value: -1
      objectReference: {fileID: 0}
    - target: {fileID: 6703245852463991715, guid: 6ac1d422b14320e4f8ed1d0af60e14df,
        type: 3}
      propertyPath: m_Materials.Array.data[0]
      value: 
      objectReference: {fileID: 0}
    - target: {fileID: 7144251444087467715, guid: 6ac1d422b14320e4f8ed1d0af60e14df,
        type: 3}
      propertyPath: m_Materials.Array.data[0]
      value: 
      objectReference: {fileID: 0}
    - target: {fileID: 7144251444087467715, guid: 6ac1d422b14320e4f8ed1d0af60e14df,
        type: 3}
      propertyPath: m_Materials.Array.data[1]
      value: 
      objectReference: {fileID: 0}
    - target: {fileID: 7144251444087467715, guid: 6ac1d422b14320e4f8ed1d0af60e14df,
        type: 3}
      propertyPath: m_Materials.Array.data[2]
      value: 
      objectReference: {fileID: 0}
    - target: {fileID: 7509024911625102043, guid: 6ac1d422b14320e4f8ed1d0af60e14df,
        type: 3}
      propertyPath: m_Materials.Array.data[0]
      value: 
      objectReference: {fileID: 0}
    - target: {fileID: 7509024911625102044, guid: 6ac1d422b14320e4f8ed1d0af60e14df,
        type: 3}
      propertyPath: m_PropertySheet.m_Vector3f.m_Array.Array.data[1].m_Value.y
      value: 272.71698
      objectReference: {fileID: 0}
    - target: {fileID: 7509024911625102044, guid: 6ac1d422b14320e4f8ed1d0af60e14df,
        type: 3}
      propertyPath: m_PropertySheet.m_Vector3f.m_Array.Array.data[2].m_Value.x
      value: -1724.8346
      objectReference: {fileID: 0}
    - target: {fileID: 7509024911625102044, guid: 6ac1d422b14320e4f8ed1d0af60e14df,
        type: 3}
      propertyPath: m_PropertySheet.m_Vector3f.m_Array.Array.data[2].m_Value.y
      value: -262.4839
      objectReference: {fileID: 0}
    - target: {fileID: 7697225618889358884, guid: 6ac1d422b14320e4f8ed1d0af60e14df,
        type: 3}
      propertyPath: m_Materials.Array.data[0]
      value: 
      objectReference: {fileID: 0}
    - target: {fileID: 7845473625894802872, guid: 6ac1d422b14320e4f8ed1d0af60e14df,
        type: 3}
      propertyPath: m_Materials.Array.data[0]
      value: 
      objectReference: {fileID: 0}
    - target: {fileID: 7891014761359993512, guid: 6ac1d422b14320e4f8ed1d0af60e14df,
        type: 3}
      propertyPath: m_Materials.Array.data[0]
      value: 
      objectReference: {fileID: 0}
    - target: {fileID: 8261029098809170978, guid: 6ac1d422b14320e4f8ed1d0af60e14df,
        type: 3}
      propertyPath: m_Mesh
      value: 
      objectReference: {fileID: 0}
    - target: {fileID: 8308808225346150391, guid: 6ac1d422b14320e4f8ed1d0af60e14df,
        type: 3}
      propertyPath: m_Name
      value: Bloc2
      objectReference: {fileID: 0}
    - target: {fileID: 8648320461176407373, guid: 6ac1d422b14320e4f8ed1d0af60e14df,
        type: 3}
      propertyPath: m_LocalPosition.x
      value: 0
      objectReference: {fileID: 0}
    - target: {fileID: 8648320461176407373, guid: 6ac1d422b14320e4f8ed1d0af60e14df,
        type: 3}
      propertyPath: m_LocalPosition.y
      value: 0
      objectReference: {fileID: 0}
    - target: {fileID: 8648320461176407373, guid: 6ac1d422b14320e4f8ed1d0af60e14df,
        type: 3}
      propertyPath: m_LocalPosition.z
      value: 0
      objectReference: {fileID: 0}
    - target: {fileID: 8648320461176407373, guid: 6ac1d422b14320e4f8ed1d0af60e14df,
        type: 3}
      propertyPath: m_LocalRotation.x
      value: 0
      objectReference: {fileID: 0}
    - target: {fileID: 8648320461176407373, guid: 6ac1d422b14320e4f8ed1d0af60e14df,
        type: 3}
      propertyPath: m_LocalRotation.y
      value: 0
      objectReference: {fileID: 0}
    - target: {fileID: 8648320461176407373, guid: 6ac1d422b14320e4f8ed1d0af60e14df,
        type: 3}
      propertyPath: m_LocalRotation.z
      value: 0
      objectReference: {fileID: 0}
    - target: {fileID: 8648320461176407373, guid: 6ac1d422b14320e4f8ed1d0af60e14df,
        type: 3}
      propertyPath: m_LocalRotation.w
      value: 1
      objectReference: {fileID: 0}
    - target: {fileID: 8648320461176407373, guid: 6ac1d422b14320e4f8ed1d0af60e14df,
        type: 3}
      propertyPath: m_RootOrder
      value: 0
      objectReference: {fileID: 0}
    - target: {fileID: 8648320461176407373, guid: 6ac1d422b14320e4f8ed1d0af60e14df,
        type: 3}
      propertyPath: m_LocalEulerAnglesHint.x
      value: 0
      objectReference: {fileID: 0}
    - target: {fileID: 8648320461176407373, guid: 6ac1d422b14320e4f8ed1d0af60e14df,
        type: 3}
      propertyPath: m_LocalEulerAnglesHint.y
      value: 0
      objectReference: {fileID: 0}
    - target: {fileID: 8648320461176407373, guid: 6ac1d422b14320e4f8ed1d0af60e14df,
        type: 3}
      propertyPath: m_LocalEulerAnglesHint.z
      value: 0
      objectReference: {fileID: 0}
    m_RemovedComponents:
    - {fileID: -4857253164984164436, guid: 6ac1d422b14320e4f8ed1d0af60e14df, type: 3}
    - {fileID: -3853447481410781563, guid: 6ac1d422b14320e4f8ed1d0af60e14df, type: 3}
  m_SourcePrefab: {fileID: 100100000, guid: 6ac1d422b14320e4f8ed1d0af60e14df, type: 3}
--- !u!4 &2060855667735534806 stripped
Transform:
  m_CorrespondingSourceObject: {fileID: 8648320461176407373, guid: 6ac1d422b14320e4f8ed1d0af60e14df,
    type: 3}
  m_PrefabInstance: {fileID: 7249846436044708251}
  m_PrefabAsset: {fileID: 0}
