%YAML 1.1
%TAG !u! tag:unity3d.com,2011:
--- !u!1 &2484368666206641308
GameObject:
  m_ObjectHideFlags: 0
  m_CorrespondingSourceObject: {fileID: 0}
  m_PrefabInstance: {fileID: 0}
  m_PrefabAsset: {fileID: 0}
  serializedVersion: 6
  m_Component:
  - component: {fileID: 8717081216131587328}
  m_Layer: 0
  m_Name: Waypoints
  m_TagString: Untagged
  m_Icon: {fileID: 0}
  m_NavMeshLayer: 0
  m_StaticEditorFlags: 0
  m_IsActive: 1
--- !u!4 &8717081216131587328
Transform:
  m_ObjectHideFlags: 0
  m_CorrespondingSourceObject: {fileID: 0}
  m_PrefabInstance: {fileID: 0}
  m_PrefabAsset: {fileID: 0}
  m_GameObject: {fileID: 2484368666206641308}
  m_LocalRotation: {x: -0, y: -0, z: -0, w: 1}
  m_LocalPosition: {x: -1929, y: -322, z: 804}
  m_LocalScale: {x: -100, y: 100.00004, z: 100.00004}
  m_Children:
  - {fileID: 3616624505540413911}
  - {fileID: 9166781559675669556}
  - {fileID: 4937409697216115230}
  - {fileID: 4030960291192930364}
  - {fileID: 9188249542232343671}
  - {fileID: 9176223883385180203}
  - {fileID: 4913539815476712765}
  - {fileID: 5877378589911319932}
  - {fileID: 7445777602562016944}
  - {fileID: 6310523911812832614}
  - {fileID: 6497573810861276122}
  - {fileID: 7515905119805121917}
  m_Father: {fileID: 7288214514444498966}
  m_RootOrder: 1
  m_LocalEulerAnglesHint: {x: 0, y: 0, z: 0}
--- !u!1 &3173948278463091205
GameObject:
  m_ObjectHideFlags: 0
  m_CorrespondingSourceObject: {fileID: 0}
  m_PrefabInstance: {fileID: 0}
  m_PrefabAsset: {fileID: 0}
  serializedVersion: 6
  m_Component:
  - component: {fileID: 2017854630605395922}
  m_Layer: 0
  m_Name: Invert
  m_TagString: Untagged
  m_Icon: {fileID: 0}
  m_NavMeshLayer: 0
  m_StaticEditorFlags: 0
  m_IsActive: 1
--- !u!4 &2017854630605395922
Transform:
  m_ObjectHideFlags: 0
  m_CorrespondingSourceObject: {fileID: 0}
  m_PrefabInstance: {fileID: 0}
  m_PrefabAsset: {fileID: 0}
  m_GameObject: {fileID: 3173948278463091205}
  m_LocalRotation: {x: 0, y: 0, z: 0, w: 1}
  m_LocalPosition: {x: -3747, y: 41.5, z: 0}
  m_LocalScale: {x: -1, y: 1, z: 1}
  m_Children:
  - {fileID: 2578041559448160143}
  m_Father: {fileID: 7288214514444498966}
  m_RootOrder: 2
  m_LocalEulerAnglesHint: {x: 0, y: 0, z: 0}
--- !u!135 &7717660882265787152
SphereCollider:
  m_ObjectHideFlags: 0
  m_CorrespondingSourceObject: {fileID: 0}
  m_PrefabInstance: {fileID: 0}
  m_PrefabAsset: {fileID: 0}
  m_GameObject: {fileID: 4030960291192930365}
  m_Material: {fileID: 0}
  m_IsTrigger: 1
  m_Enabled: 1
  serializedVersion: 2
  m_Radius: 0.025
  m_Center: {x: -22.59, y: 0.9, z: -0.08}
--- !u!135 &2785410169742732040
SphereCollider:
  m_ObjectHideFlags: 0
  m_CorrespondingSourceObject: {fileID: 0}
  m_PrefabInstance: {fileID: 0}
  m_PrefabAsset: {fileID: 0}
  m_GameObject: {fileID: 4913539815476712764}
  m_Material: {fileID: 0}
  m_IsTrigger: 1
  m_Enabled: 1
  serializedVersion: 2
  m_Radius: 0.025
  m_Center: {x: -15, y: -0.06, z: 0.5}
--- !u!135 &2687510724662010762
SphereCollider:
  m_ObjectHideFlags: 0
  m_CorrespondingSourceObject: {fileID: 0}
  m_PrefabInstance: {fileID: 0}
  m_PrefabAsset: {fileID: 0}
  m_GameObject: {fileID: 4937409697216115231}
  m_Material: {fileID: 0}
  m_IsTrigger: 1
  m_Enabled: 1
  serializedVersion: 2
  m_Radius: 0.025
  m_Center: {x: -20.6, y: 1.1, z: 0}
--- !u!1 &5618108618780489041
GameObject:
  m_ObjectHideFlags: 0
  m_CorrespondingSourceObject: {fileID: 0}
  m_PrefabInstance: {fileID: 0}
  m_PrefabAsset: {fileID: 0}
  serializedVersion: 6
  m_Component:
  - component: {fileID: 1057047584392196299}
  m_Layer: 0
  m_Name: AttacheArriveeBloc7
  m_TagString: Untagged
  m_Icon: {fileID: 0}
  m_NavMeshLayer: 0
  m_StaticEditorFlags: 0
  m_IsActive: 1
--- !u!4 &1057047584392196299
Transform:
  m_ObjectHideFlags: 0
  m_CorrespondingSourceObject: {fileID: 0}
  m_PrefabInstance: {fileID: 0}
  m_PrefabAsset: {fileID: 0}
  m_GameObject: {fileID: 5618108618780489041}
  m_LocalRotation: {x: -0, y: -0, z: -0, w: 1}
  m_LocalPosition: {x: -83.602, y: -362.51, z: 1358.02}
  m_LocalScale: {x: 1, y: 1, z: 1}
  m_Children: []
  m_Father: {fileID: 7288214514444498966}
  m_RootOrder: 0
  m_LocalEulerAnglesHint: {x: 0, y: 0, z: 0}
--- !u!135 &6203670395784149959
SphereCollider:
  m_ObjectHideFlags: 0
  m_CorrespondingSourceObject: {fileID: 0}
  m_PrefabInstance: {fileID: 0}
  m_PrefabAsset: {fileID: 0}
  m_GameObject: {fileID: 5877378589911319933}
  m_Material: {fileID: 0}
  m_IsTrigger: 1
  m_Enabled: 1
  serializedVersion: 2
  m_Radius: 0.03
  m_Center: {x: 29.23, y: 0.8, z: 0.41}
--- !u!135 &6661695848590735225
SphereCollider:
  m_ObjectHideFlags: 0
  m_CorrespondingSourceObject: {fileID: 0}
  m_PrefabInstance: {fileID: 0}
  m_PrefabAsset: {fileID: 0}
  m_GameObject: {fileID: 7445777602562016945}
  m_Material: {fileID: 0}
  m_IsTrigger: 1
  m_Enabled: 1
  serializedVersion: 2
  m_Radius: 0.03
  m_Center: {x: 38.64, y: 0.1, z: 0.12}
--- !u!1 &7957615148187722412
GameObject:
  m_ObjectHideFlags: 0
  m_CorrespondingSourceObject: {fileID: 0}
  m_PrefabInstance: {fileID: 0}
  m_PrefabAsset: {fileID: 0}
  serializedVersion: 6
  m_Component:
  - component: {fileID: 7288214514444498966}
  - component: {fileID: -6773527414122901187}
  - component: {fileID: -6653232978076766386}
  m_Layer: 0
  m_Name: Mirror_Bloc7
  m_TagString: Untagged
  m_Icon: {fileID: 0}
  m_NavMeshLayer: 0
  m_StaticEditorFlags: 0
  m_IsActive: 1
--- !u!4 &7288214514444498966
Transform:
  m_ObjectHideFlags: 0
  m_CorrespondingSourceObject: {fileID: 0}
  m_PrefabInstance: {fileID: 0}
  m_PrefabAsset: {fileID: 0}
  m_GameObject: {fileID: 7957615148187722412}
  m_LocalRotation: {x: 0, y: 0, z: 0, w: 1}
  m_LocalPosition: {x: 0, y: 0, z: 0}
  m_LocalScale: {x: 1, y: 1, z: 1}
  m_Children:
  - {fileID: 1057047584392196299}
  - {fileID: 8717081216131587328}
  - {fileID: 2017854630605395922}
  m_Father: {fileID: 0}
  m_RootOrder: 0
  m_LocalEulerAnglesHint: {x: 0, y: 0, z: 0}
--- !u!114 &-6773527414122901187
MonoBehaviour:
  m_ObjectHideFlags: 0
  m_CorrespondingSourceObject: {fileID: 0}
  m_PrefabInstance: {fileID: 0}
  m_PrefabAsset: {fileID: 0}
  m_GameObject: {fileID: 7957615148187722412}
  m_Enabled: 1
  m_EditorHideFlags: 0
  m_Script: {fileID: 11500000, guid: 50c5328bd09722a48b70af39bddc80ad, type: 3}
  m_Name: 
  m_EditorClassIdentifier: 
  StartPoint: {fileID: 7288214514444498966}
  EndPoint: {fileID: 1057047584392196299}
  isMirror: 1
  waypointsBloc:
  - {fileID: 3616624505540413910}
  - {fileID: 9166781559675669557}
  - {fileID: 4937409697216115231}
  - {fileID: 4030960291192930365}
  - {fileID: 9188249542232343670}
  - {fileID: 9176223883385180202}
  - {fileID: 4913539815476712764}
  - {fileID: 5877378589911319933}
  - {fileID: 7445777602562016945}
  - {fileID: 6310523911812832615}
  - {fileID: 6497573810861276123}
  - {fileID: 7515905119805121916}
--- !u!114 &-6653232978076766386
MonoBehaviour:
  m_ObjectHideFlags: 0
  m_CorrespondingSourceObject: {fileID: 0}
  m_PrefabInstance: {fileID: 0}
  m_PrefabAsset: {fileID: 0}
  m_GameObject: {fileID: 7957615148187722412}
  m_Enabled: 1
  m_EditorHideFlags: 0
  m_Script: {fileID: 11500000, guid: aa584fbee541324448dd18d8409c7a41, type: 3}
  m_Name: 
  m_EditorClassIdentifier: 
  ObservedComponentsFoldoutOpen: 1
  Group: 0
  prefixField: -1
  Synchronization: 3
  OwnershipTransfer: 0
  observableSearch: 2
  ObservedComponents: []
  sceneViewId: 0
  InstantiationId: 0
  isRuntimeInstantiated: 0
--- !u!135 &7224756449325913061
SphereCollider:
  m_ObjectHideFlags: 0
  m_CorrespondingSourceObject: {fileID: 0}
  m_PrefabInstance: {fileID: 0}
  m_PrefabAsset: {fileID: 0}
  m_GameObject: {fileID: 9176223883385180202}
  m_Material: {fileID: 0}
  m_IsTrigger: 1
  m_Enabled: 1
  serializedVersion: 2
  m_Radius: 0.025
  m_Center: {x: -34.2, y: -0.1, z: 0.33}
--- !u!135 &4789117731045290628
SphereCollider:
  m_ObjectHideFlags: 0
  m_CorrespondingSourceObject: {fileID: 0}
  m_PrefabInstance: {fileID: 0}
  m_PrefabAsset: {fileID: 0}
  m_GameObject: {fileID: 9188249542232343670}
  m_Material: {fileID: 0}
  m_IsTrigger: 1
  m_Enabled: 1
  serializedVersion: 2
  m_Radius: 0.025
  m_Center: {x: -34.1, y: 0.5, z: -0.1}
--- !u!1001 &3696108055496151430
PrefabInstance:
  m_ObjectHideFlags: 0
  serializedVersion: 2
  m_Modification:
    m_TransformParent: {fileID: 8717081216131587328}
    m_Modifications:
    - target: {fileID: 106927930633574480, guid: 15eda695e63458546b04f68e04d03345,
        type: 3}
      propertyPath: m_Name
      value: Waypoint
      objectReference: {fileID: 0}
    - target: {fileID: 106927930633574481, guid: 15eda695e63458546b04f68e04d03345,
        type: 3}
      propertyPath: m_LocalPosition.x
      value: 0.08
      objectReference: {fileID: 0}
    - target: {fileID: 106927930633574481, guid: 15eda695e63458546b04f68e04d03345,
        type: 3}
      propertyPath: m_LocalPosition.y
      value: 3.028
      objectReference: {fileID: 0}
    - target: {fileID: 106927930633574481, guid: 15eda695e63458546b04f68e04d03345,
        type: 3}
      propertyPath: m_LocalPosition.z
      value: -7.943
      objectReference: {fileID: 0}
    - target: {fileID: 106927930633574481, guid: 15eda695e63458546b04f68e04d03345,
        type: 3}
      propertyPath: m_LocalRotation.x
      value: 0
      objectReference: {fileID: 0}
    - target: {fileID: 106927930633574481, guid: 15eda695e63458546b04f68e04d03345,
        type: 3}
      propertyPath: m_LocalRotation.y
      value: -0.7071068
      objectReference: {fileID: 0}
    - target: {fileID: 106927930633574481, guid: 15eda695e63458546b04f68e04d03345,
        type: 3}
      propertyPath: m_LocalRotation.z
      value: 0
      objectReference: {fileID: 0}
    - target: {fileID: 106927930633574481, guid: 15eda695e63458546b04f68e04d03345,
        type: 3}
      propertyPath: m_LocalRotation.w
      value: 0.7071068
      objectReference: {fileID: 0}
    - target: {fileID: 106927930633574481, guid: 15eda695e63458546b04f68e04d03345,
        type: 3}
      propertyPath: m_RootOrder
      value: 0
      objectReference: {fileID: 0}
    - target: {fileID: 106927930633574481, guid: 15eda695e63458546b04f68e04d03345,
        type: 3}
      propertyPath: m_LocalEulerAnglesHint.x
      value: 0
      objectReference: {fileID: 0}
    - target: {fileID: 106927930633574481, guid: 15eda695e63458546b04f68e04d03345,
        type: 3}
      propertyPath: m_LocalEulerAnglesHint.y
      value: -90
      objectReference: {fileID: 0}
    - target: {fileID: 106927930633574481, guid: 15eda695e63458546b04f68e04d03345,
        type: 3}
      propertyPath: m_LocalEulerAnglesHint.z
      value: 0
      objectReference: {fileID: 0}
    m_RemovedComponents: []
  m_SourcePrefab: {fileID: 100100000, guid: 15eda695e63458546b04f68e04d03345, type: 3}
--- !u!1 &3616624505540413910 stripped
GameObject:
  m_CorrespondingSourceObject: {fileID: 106927930633574480, guid: 15eda695e63458546b04f68e04d03345,
    type: 3}
  m_PrefabInstance: {fileID: 3696108055496151430}
  m_PrefabAsset: {fileID: 0}
--- !u!4 &3616624505540413911 stripped
Transform:
  m_CorrespondingSourceObject: {fileID: 106927930633574481, guid: 15eda695e63458546b04f68e04d03345,
    type: 3}
  m_PrefabInstance: {fileID: 3696108055496151430}
  m_PrefabAsset: {fileID: 0}
--- !u!1001 &3930300408240134253
PrefabInstance:
  m_ObjectHideFlags: 0
  serializedVersion: 2
  m_Modification:
    m_TransformParent: {fileID: 8717081216131587328}
    m_Modifications:
    - target: {fileID: 106927930633574480, guid: 15eda695e63458546b04f68e04d03345,
        type: 3}
      propertyPath: m_Name
      value: Waypoint (3)
      objectReference: {fileID: 0}
    - target: {fileID: 106927930633574481, guid: 15eda695e63458546b04f68e04d03345,
        type: 3}
      propertyPath: m_LocalPosition.x
      value: -0.258
      objectReference: {fileID: 0}
    - target: {fileID: 106927930633574481, guid: 15eda695e63458546b04f68e04d03345,
        type: 3}
      propertyPath: m_LocalPosition.y
      value: 2.044
      objectReference: {fileID: 0}
    - target: {fileID: 106927930633574481, guid: 15eda695e63458546b04f68e04d03345,
        type: 3}
      propertyPath: m_LocalPosition.z
      value: -5.227
      objectReference: {fileID: 0}
    - target: {fileID: 106927930633574481, guid: 15eda695e63458546b04f68e04d03345,
        type: 3}
      propertyPath: m_LocalRotation.x
      value: -0
      objectReference: {fileID: 0}
    - target: {fileID: 106927930633574481, guid: 15eda695e63458546b04f68e04d03345,
        type: 3}
      propertyPath: m_LocalRotation.y
      value: -0.10684082
      objectReference: {fileID: 0}
    - target: {fileID: 106927930633574481, guid: 15eda695e63458546b04f68e04d03345,
        type: 3}
      propertyPath: m_LocalRotation.z
      value: -0
      objectReference: {fileID: 0}
    - target: {fileID: 106927930633574481, guid: 15eda695e63458546b04f68e04d03345,
        type: 3}
      propertyPath: m_LocalRotation.w
      value: 0.99427617
      objectReference: {fileID: 0}
    - target: {fileID: 106927930633574481, guid: 15eda695e63458546b04f68e04d03345,
        type: 3}
      propertyPath: m_RootOrder
      value: 3
      objectReference: {fileID: 0}
    - target: {fileID: 106927930633574481, guid: 15eda695e63458546b04f68e04d03345,
        type: 3}
      propertyPath: m_LocalEulerAnglesHint.x
      value: 0
      objectReference: {fileID: 0}
    - target: {fileID: 106927930633574481, guid: 15eda695e63458546b04f68e04d03345,
        type: 3}
      propertyPath: m_LocalEulerAnglesHint.y
      value: -12.266001
      objectReference: {fileID: 0}
    - target: {fileID: 106927930633574481, guid: 15eda695e63458546b04f68e04d03345,
        type: 3}
      propertyPath: m_LocalEulerAnglesHint.z
      value: 0
      objectReference: {fileID: 0}
    - target: {fileID: 106927930633574482, guid: 15eda695e63458546b04f68e04d03345,
        type: 3}
      propertyPath: m_Size.y
      value: 7.21
      objectReference: {fileID: 0}
    - target: {fileID: 106927930633574482, guid: 15eda695e63458546b04f68e04d03345,
        type: 3}
      propertyPath: m_Size.z
      value: 0.22
      objectReference: {fileID: 0}
    - target: {fileID: 106927930633574485, guid: 15eda695e63458546b04f68e04d03345,
        type: 3}
      propertyPath: ID
      value: 3
      objectReference: {fileID: 0}
    m_RemovedComponents: []
  m_SourcePrefab: {fileID: 100100000, guid: 15eda695e63458546b04f68e04d03345, type: 3}
--- !u!1 &4030960291192930365 stripped
GameObject:
  m_CorrespondingSourceObject: {fileID: 106927930633574480, guid: 15eda695e63458546b04f68e04d03345,
    type: 3}
  m_PrefabInstance: {fileID: 3930300408240134253}
  m_PrefabAsset: {fileID: 0}
--- !u!4 &4030960291192930364 stripped
Transform:
  m_CorrespondingSourceObject: {fileID: 106927930633574481, guid: 15eda695e63458546b04f68e04d03345,
    type: 3}
  m_PrefabInstance: {fileID: 3930300408240134253}
  m_PrefabAsset: {fileID: 0}
--- !u!1001 &4993229812681215340
PrefabInstance:
  m_ObjectHideFlags: 0
  serializedVersion: 2
  m_Modification:
    m_TransformParent: {fileID: 8717081216131587328}
    m_Modifications:
    - target: {fileID: 106927930633574480, guid: 15eda695e63458546b04f68e04d03345,
        type: 3}
      propertyPath: m_Name
      value: Waypoint (6)
      objectReference: {fileID: 0}
    - target: {fileID: 106927930633574481, guid: 15eda695e63458546b04f68e04d03345,
        type: 3}
      propertyPath: m_LocalPosition.x
      value: 1.309
      objectReference: {fileID: 0}
    - target: {fileID: 106927930633574481, guid: 15eda695e63458546b04f68e04d03345,
        type: 3}
      propertyPath: m_LocalPosition.y
      value: 2.044
      objectReference: {fileID: 0}
    - target: {fileID: 106927930633574481, guid: 15eda695e63458546b04f68e04d03345,
        type: 3}
      propertyPath: m_LocalPosition.z
      value: -5.159
      objectReference: {fileID: 0}
    - target: {fileID: 106927930633574481, guid: 15eda695e63458546b04f68e04d03345,
        type: 3}
      propertyPath: m_LocalRotation.x
      value: -0
      objectReference: {fileID: 0}
    - target: {fileID: 106927930633574481, guid: 15eda695e63458546b04f68e04d03345,
        type: 3}
      propertyPath: m_LocalRotation.y
      value: -0.56665426
      objectReference: {fileID: 0}
    - target: {fileID: 106927930633574481, guid: 15eda695e63458546b04f68e04d03345,
        type: 3}
      propertyPath: m_LocalRotation.z
      value: -0
      objectReference: {fileID: 0}
    - target: {fileID: 106927930633574481, guid: 15eda695e63458546b04f68e04d03345,
        type: 3}
      propertyPath: m_LocalRotation.w
      value: 0.8239557
      objectReference: {fileID: 0}
    - target: {fileID: 106927930633574481, guid: 15eda695e63458546b04f68e04d03345,
        type: 3}
      propertyPath: m_RootOrder
      value: 6
      objectReference: {fileID: 0}
    - target: {fileID: 106927930633574481, guid: 15eda695e63458546b04f68e04d03345,
        type: 3}
      propertyPath: m_LocalEulerAnglesHint.x
      value: 0
      objectReference: {fileID: 0}
    - target: {fileID: 106927930633574481, guid: 15eda695e63458546b04f68e04d03345,
        type: 3}
      propertyPath: m_LocalEulerAnglesHint.y
      value: -69.034004
      objectReference: {fileID: 0}
    - target: {fileID: 106927930633574481, guid: 15eda695e63458546b04f68e04d03345,
        type: 3}
      propertyPath: m_LocalEulerAnglesHint.z
      value: 0
      objectReference: {fileID: 0}
    - target: {fileID: 106927930633574482, guid: 15eda695e63458546b04f68e04d03345,
        type: 3}
      propertyPath: m_Size.y
      value: 7.21
      objectReference: {fileID: 0}
    - target: {fileID: 106927930633574482, guid: 15eda695e63458546b04f68e04d03345,
        type: 3}
      propertyPath: m_Size.z
      value: 0.25
      objectReference: {fileID: 0}
    - target: {fileID: 106927930633574482, guid: 15eda695e63458546b04f68e04d03345,
        type: 3}
      propertyPath: m_Center.x
      value: -2
      objectReference: {fileID: 0}
    - target: {fileID: 106927930633574485, guid: 15eda695e63458546b04f68e04d03345,
        type: 3}
      propertyPath: ID
      value: 6
      objectReference: {fileID: 0}
    m_RemovedComponents: []
  m_SourcePrefab: {fileID: 100100000, guid: 15eda695e63458546b04f68e04d03345, type: 3}
--- !u!4 &4913539815476712765 stripped
Transform:
  m_CorrespondingSourceObject: {fileID: 106927930633574481, guid: 15eda695e63458546b04f68e04d03345,
    type: 3}
  m_PrefabInstance: {fileID: 4993229812681215340}
  m_PrefabAsset: {fileID: 0}
--- !u!1 &4913539815476712764 stripped
GameObject:
  m_CorrespondingSourceObject: {fileID: 106927930633574480, guid: 15eda695e63458546b04f68e04d03345,
    type: 3}
  m_PrefabInstance: {fileID: 4993229812681215340}
  m_PrefabAsset: {fileID: 0}
--- !u!1001 &5043699079722953295
PrefabInstance:
  m_ObjectHideFlags: 0
  serializedVersion: 2
  m_Modification:
    m_TransformParent: {fileID: 8717081216131587328}
    m_Modifications:
    - target: {fileID: 106927930633574480, guid: 15eda695e63458546b04f68e04d03345,
        type: 3}
      propertyPath: m_Name
      value: Waypoint (2)
      objectReference: {fileID: 0}
    - target: {fileID: 106927930633574481, guid: 15eda695e63458546b04f68e04d03345,
        type: 3}
      propertyPath: m_LocalPosition.x
      value: -0.623
      objectReference: {fileID: 0}
    - target: {fileID: 106927930633574481, guid: 15eda695e63458546b04f68e04d03345,
        type: 3}
      propertyPath: m_LocalPosition.y
      value: 2.044
      objectReference: {fileID: 0}
    - target: {fileID: 106927930633574481, guid: 15eda695e63458546b04f68e04d03345,
        type: 3}
      propertyPath: m_LocalPosition.z
      value: -5.427
      objectReference: {fileID: 0}
    - target: {fileID: 106927930633574481, guid: 15eda695e63458546b04f68e04d03345,
        type: 3}
      propertyPath: m_LocalRotation.x
      value: -0
      objectReference: {fileID: 0}
    - target: {fileID: 106927930633574481, guid: 15eda695e63458546b04f68e04d03345,
        type: 3}
      propertyPath: m_LocalRotation.y
      value: -0.43273303
      objectReference: {fileID: 0}
    - target: {fileID: 106927930633574481, guid: 15eda695e63458546b04f68e04d03345,
        type: 3}
      propertyPath: m_LocalRotation.z
      value: -0
      objectReference: {fileID: 0}
    - target: {fileID: 106927930633574481, guid: 15eda695e63458546b04f68e04d03345,
        type: 3}
      propertyPath: m_LocalRotation.w
      value: 0.9015222
      objectReference: {fileID: 0}
    - target: {fileID: 106927930633574481, guid: 15eda695e63458546b04f68e04d03345,
        type: 3}
      propertyPath: m_RootOrder
      value: 2
      objectReference: {fileID: 0}
    - target: {fileID: 106927930633574481, guid: 15eda695e63458546b04f68e04d03345,
        type: 3}
      propertyPath: m_LocalEulerAnglesHint.x
      value: 0
      objectReference: {fileID: 0}
    - target: {fileID: 106927930633574481, guid: 15eda695e63458546b04f68e04d03345,
        type: 3}
      propertyPath: m_LocalEulerAnglesHint.y
      value: -51.282
      objectReference: {fileID: 0}
    - target: {fileID: 106927930633574481, guid: 15eda695e63458546b04f68e04d03345,
        type: 3}
      propertyPath: m_LocalEulerAnglesHint.z
      value: 0
      objectReference: {fileID: 0}
    - target: {fileID: 106927930633574482, guid: 15eda695e63458546b04f68e04d03345,
        type: 3}
      propertyPath: m_Size.y
      value: 7.21
      objectReference: {fileID: 0}
    - target: {fileID: 106927930633574482, guid: 15eda695e63458546b04f68e04d03345,
        type: 3}
      propertyPath: m_Size.z
      value: 0.22
      objectReference: {fileID: 0}
    - target: {fileID: 106927930633574485, guid: 15eda695e63458546b04f68e04d03345,
        type: 3}
      propertyPath: ID
      value: 2
      objectReference: {fileID: 0}
    m_RemovedComponents: []
  m_SourcePrefab: {fileID: 100100000, guid: 15eda695e63458546b04f68e04d03345, type: 3}
--- !u!1 &4937409697216115231 stripped
GameObject:
  m_CorrespondingSourceObject: {fileID: 106927930633574480, guid: 15eda695e63458546b04f68e04d03345,
    type: 3}
  m_PrefabInstance: {fileID: 5043699079722953295}
  m_PrefabAsset: {fileID: 0}
--- !u!4 &4937409697216115230 stripped
Transform:
  m_CorrespondingSourceObject: {fileID: 106927930633574481, guid: 15eda695e63458546b04f68e04d03345,
    type: 3}
  m_PrefabInstance: {fileID: 5043699079722953295}
  m_PrefabAsset: {fileID: 0}
--- !u!1001 &5830832014611045677
PrefabInstance:
  m_ObjectHideFlags: 0
  serializedVersion: 2
  m_Modification:
    m_TransformParent: {fileID: 8717081216131587328}
    m_Modifications:
    - target: {fileID: 106927930633574480, guid: 15eda695e63458546b04f68e04d03345,
        type: 3}
      propertyPath: m_Name
      value: Waypoint (7)
      objectReference: {fileID: 0}
    - target: {fileID: 106927930633574481, guid: 15eda695e63458546b04f68e04d03345,
        type: 3}
      propertyPath: m_LocalPosition.x
      value: 1.245
      objectReference: {fileID: 0}
    - target: {fileID: 106927930633574481, guid: 15eda695e63458546b04f68e04d03345,
        type: 3}
      propertyPath: m_LocalPosition.y
      value: 1.841
      objectReference: {fileID: 0}
    - target: {fileID: 106927930633574481, guid: 15eda695e63458546b04f68e04d03345,
        type: 3}
      propertyPath: m_LocalPosition.z
      value: -4.691
      objectReference: {fileID: 0}
    - target: {fileID: 106927930633574481, guid: 15eda695e63458546b04f68e04d03345,
        type: 3}
      propertyPath: m_LocalRotation.x
      value: -0
      objectReference: {fileID: 0}
    - target: {fileID: 106927930633574481, guid: 15eda695e63458546b04f68e04d03345,
        type: 3}
      propertyPath: m_LocalRotation.y
      value: -0.8724518
      objectReference: {fileID: 0}
    - target: {fileID: 106927930633574481, guid: 15eda695e63458546b04f68e04d03345,
        type: 3}
      propertyPath: m_LocalRotation.z
      value: -0
      objectReference: {fileID: 0}
    - target: {fileID: 106927930633574481, guid: 15eda695e63458546b04f68e04d03345,
        type: 3}
      propertyPath: m_LocalRotation.w
      value: 0.4887003
      objectReference: {fileID: 0}
    - target: {fileID: 106927930633574481, guid: 15eda695e63458546b04f68e04d03345,
        type: 3}
      propertyPath: m_RootOrder
      value: 7
      objectReference: {fileID: 0}
    - target: {fileID: 106927930633574481, guid: 15eda695e63458546b04f68e04d03345,
        type: 3}
      propertyPath: m_LocalEulerAnglesHint.x
      value: 0
      objectReference: {fileID: 0}
    - target: {fileID: 106927930633574481, guid: 15eda695e63458546b04f68e04d03345,
        type: 3}
      propertyPath: m_LocalEulerAnglesHint.y
      value: -121.490005
      objectReference: {fileID: 0}
    - target: {fileID: 106927930633574481, guid: 15eda695e63458546b04f68e04d03345,
        type: 3}
      propertyPath: m_LocalEulerAnglesHint.z
      value: 0
      objectReference: {fileID: 0}
    - target: {fileID: 106927930633574482, guid: 15eda695e63458546b04f68e04d03345,
        type: 3}
      propertyPath: m_Size.y
      value: 7.21
      objectReference: {fileID: 0}
    - target: {fileID: 106927930633574482, guid: 15eda695e63458546b04f68e04d03345,
        type: 3}
      propertyPath: m_Size.z
      value: 0.25
      objectReference: {fileID: 0}
    - target: {fileID: 106927930633574485, guid: 15eda695e63458546b04f68e04d03345,
        type: 3}
      propertyPath: ID
      value: 7
      objectReference: {fileID: 0}
    m_RemovedComponents: []
  m_SourcePrefab: {fileID: 100100000, guid: 15eda695e63458546b04f68e04d03345, type: 3}
--- !u!4 &5877378589911319932 stripped
Transform:
  m_CorrespondingSourceObject: {fileID: 106927930633574481, guid: 15eda695e63458546b04f68e04d03345,
    type: 3}
  m_PrefabInstance: {fileID: 5830832014611045677}
  m_PrefabAsset: {fileID: 0}
--- !u!1 &5877378589911319933 stripped
GameObject:
  m_CorrespondingSourceObject: {fileID: 106927930633574480, guid: 15eda695e63458546b04f68e04d03345,
    type: 3}
  m_PrefabInstance: {fileID: 5830832014611045677}
  m_PrefabAsset: {fileID: 0}
--- !u!1001 &6262429497674237239
PrefabInstance:
  m_ObjectHideFlags: 0
  serializedVersion: 2
  m_Modification:
    m_TransformParent: {fileID: 8717081216131587328}
    m_Modifications:
    - target: {fileID: 106927930633574480, guid: 15eda695e63458546b04f68e04d03345,
        type: 3}
      propertyPath: m_Name
      value: Waypoint (9)
      objectReference: {fileID: 0}
    - target: {fileID: 106927930633574481, guid: 15eda695e63458546b04f68e04d03345,
        type: 3}
      propertyPath: m_LocalPosition.x
      value: -0.968
      objectReference: {fileID: 0}
    - target: {fileID: 106927930633574481, guid: 15eda695e63458546b04f68e04d03345,
        type: 3}
      propertyPath: m_LocalPosition.y
      value: 1.538
      objectReference: {fileID: 0}
    - target: {fileID: 106927930633574481, guid: 15eda695e63458546b04f68e04d03345,
        type: 3}
      propertyPath: m_LocalPosition.z
      value: -3.163
      objectReference: {fileID: 0}
    - target: {fileID: 106927930633574481, guid: 15eda695e63458546b04f68e04d03345,
        type: 3}
      propertyPath: m_LocalRotation.x
      value: -0
      objectReference: {fileID: 0}
    - target: {fileID: 106927930633574481, guid: 15eda695e63458546b04f68e04d03345,
        type: 3}
      propertyPath: m_LocalRotation.y
      value: -0.77499294
      objectReference: {fileID: 0}
    - target: {fileID: 106927930633574481, guid: 15eda695e63458546b04f68e04d03345,
        type: 3}
      propertyPath: m_LocalRotation.z
      value: -0
      objectReference: {fileID: 0}
    - target: {fileID: 106927930633574481, guid: 15eda695e63458546b04f68e04d03345,
        type: 3}
      propertyPath: m_LocalRotation.w
      value: 0.6319698
      objectReference: {fileID: 0}
    - target: {fileID: 106927930633574481, guid: 15eda695e63458546b04f68e04d03345,
        type: 3}
      propertyPath: m_RootOrder
      value: 9
      objectReference: {fileID: 0}
    - target: {fileID: 106927930633574481, guid: 15eda695e63458546b04f68e04d03345,
        type: 3}
      propertyPath: m_LocalEulerAnglesHint.x
      value: 0
      objectReference: {fileID: 0}
    - target: {fileID: 106927930633574481, guid: 15eda695e63458546b04f68e04d03345,
        type: 3}
      propertyPath: m_LocalEulerAnglesHint.y
      value: -101.609
      objectReference: {fileID: 0}
    - target: {fileID: 106927930633574481, guid: 15eda695e63458546b04f68e04d03345,
        type: 3}
      propertyPath: m_LocalEulerAnglesHint.z
      value: 0
      objectReference: {fileID: 0}
    - target: {fileID: 106927930633574482, guid: 15eda695e63458546b04f68e04d03345,
        type: 3}
      propertyPath: m_Size.y
      value: 7.21
      objectReference: {fileID: 0}
    - target: {fileID: 106927930633574482, guid: 15eda695e63458546b04f68e04d03345,
        type: 3}
      propertyPath: m_Size.z
      value: 0.25
      objectReference: {fileID: 0}
    - target: {fileID: 106927930633574485, guid: 15eda695e63458546b04f68e04d03345,
        type: 3}
      propertyPath: ID
      value: 9
      objectReference: {fileID: 0}
    m_RemovedComponents: []
  m_SourcePrefab: {fileID: 100100000, guid: 15eda695e63458546b04f68e04d03345, type: 3}
--- !u!4 &6310523911812832614 stripped
Transform:
  m_CorrespondingSourceObject: {fileID: 106927930633574481, guid: 15eda695e63458546b04f68e04d03345,
    type: 3}
  m_PrefabInstance: {fileID: 6262429497674237239}
  m_PrefabAsset: {fileID: 0}
--- !u!1 &6310523911812832615 stripped
GameObject:
  m_CorrespondingSourceObject: {fileID: 106927930633574480, guid: 15eda695e63458546b04f68e04d03345,
    type: 3}
  m_PrefabInstance: {fileID: 6262429497674237239}
  m_PrefabAsset: {fileID: 0}
--- !u!1001 &6380397721386889571
PrefabInstance:
  m_ObjectHideFlags: 0
  serializedVersion: 2
  m_Modification:
    m_TransformParent: {fileID: 2017854630605395922}
    m_Modifications:
    - target: {fileID: 81983008, guid: a393235ceb56d55408c1f92af24f4b17, type: 3}
      propertyPath: m_Materials.Array.data[0]
      value: 
      objectReference: {fileID: 0}
    - target: {fileID: 486930172, guid: a393235ceb56d55408c1f92af24f4b17, type: 3}
      propertyPath: m_Materials.Array.data[0]
      value: 
      objectReference: {fileID: 0}
    - target: {fileID: 611229676, guid: a393235ceb56d55408c1f92af24f4b17, type: 3}
      propertyPath: m_Materials.Array.data[0]
      value: 
      objectReference: {fileID: 0}
    - target: {fileID: 803869843, guid: a393235ceb56d55408c1f92af24f4b17, type: 3}
      propertyPath: m_Materials.Array.data[0]
      value: 
      objectReference: {fileID: 0}
    - target: {fileID: 1662836330, guid: a393235ceb56d55408c1f92af24f4b17, type: 3}
      propertyPath: m_Materials.Array.data[0]
      value: 
      objectReference: {fileID: 0}
    - target: {fileID: 1816894036, guid: a393235ceb56d55408c1f92af24f4b17, type: 3}
      propertyPath: m_Materials.Array.data[0]
      value: 
      objectReference: {fileID: 0}
    - target: {fileID: 2057395836, guid: a393235ceb56d55408c1f92af24f4b17, type: 3}
      propertyPath: m_Materials.Array.data[0]
      value: 
      objectReference: {fileID: 0}
    - target: {fileID: 114821544276971073, guid: a393235ceb56d55408c1f92af24f4b17,
        type: 3}
      propertyPath: m_Materials.Array.data[0]
      value: 
      objectReference: {fileID: 0}
    - target: {fileID: 114821544762484702, guid: a393235ceb56d55408c1f92af24f4b17,
        type: 3}
      propertyPath: m_Materials.Array.data[0]
      value: 
      objectReference: {fileID: 0}
    - target: {fileID: 114821544794443110, guid: a393235ceb56d55408c1f92af24f4b17,
        type: 3}
      propertyPath: m_Materials.Array.data[0]
      value: 
      objectReference: {fileID: 0}
    - target: {fileID: 114821545146609383, guid: a393235ceb56d55408c1f92af24f4b17,
        type: 3}
      propertyPath: m_Materials.Array.data[0]
      value: 
      objectReference: {fileID: 0}
    - target: {fileID: 114821545269381769, guid: a393235ceb56d55408c1f92af24f4b17,
        type: 3}
      propertyPath: m_Materials.Array.data[0]
      value: 
      objectReference: {fileID: 0}
    - target: {fileID: 114821545340309963, guid: a393235ceb56d55408c1f92af24f4b17,
        type: 3}
      propertyPath: m_Materials.Array.data[0]
      value: 
      objectReference: {fileID: 0}
    - target: {fileID: 114821545371685855, guid: a393235ceb56d55408c1f92af24f4b17,
        type: 3}
      propertyPath: m_Materials.Array.data[0]
      value: 
      objectReference: {fileID: 0}
    - target: {fileID: 114821545512274833, guid: a393235ceb56d55408c1f92af24f4b17,
        type: 3}
      propertyPath: m_Materials.Array.data[0]
      value: 
      objectReference: {fileID: 0}
    - target: {fileID: 114821545538784653, guid: a393235ceb56d55408c1f92af24f4b17,
        type: 3}
      propertyPath: m_Materials.Array.data[0]
      value: 
      objectReference: {fileID: 0}
    - target: {fileID: 114821545635479338, guid: a393235ceb56d55408c1f92af24f4b17,
        type: 3}
      propertyPath: m_Materials.Array.data[0]
      value: 
      objectReference: {fileID: 0}
    - target: {fileID: 114821545730399707, guid: a393235ceb56d55408c1f92af24f4b17,
        type: 3}
      propertyPath: m_Materials.Array.data[0]
      value: 
      objectReference: {fileID: 0}
    - target: {fileID: 114821545867039553, guid: a393235ceb56d55408c1f92af24f4b17,
        type: 3}
      propertyPath: m_Materials.Array.data[0]
      value: 
      objectReference: {fileID: 0}
    - target: {fileID: 114821546133925991, guid: a393235ceb56d55408c1f92af24f4b17,
        type: 3}
      propertyPath: m_Materials.Array.data[0]
      value: 
      objectReference: {fileID: 0}
    - target: {fileID: 1593439253663364549, guid: a393235ceb56d55408c1f92af24f4b17,
        type: 3}
      propertyPath: m_Materials.Array.data[0]
      value: 
      objectReference: {fileID: 0}
    - target: {fileID: 1593439253663364549, guid: a393235ceb56d55408c1f92af24f4b17,
        type: 3}
      propertyPath: m_Materials.Array.data[1]
      value: 
      objectReference: {fileID: 0}
    - target: {fileID: 1593439253663364549, guid: a393235ceb56d55408c1f92af24f4b17,
        type: 3}
      propertyPath: m_Materials.Array.data[2]
      value: 
      objectReference: {fileID: 0}
    - target: {fileID: 1593439254560226865, guid: a393235ceb56d55408c1f92af24f4b17,
        type: 3}
      propertyPath: m_Materials.Array.data[0]
      value: 
      objectReference: {fileID: 0}
    - target: {fileID: 1593439254560226865, guid: a393235ceb56d55408c1f92af24f4b17,
        type: 3}
      propertyPath: m_Materials.Array.data[1]
      value: 
      objectReference: {fileID: 0}
    - target: {fileID: 1593439254560226865, guid: a393235ceb56d55408c1f92af24f4b17,
        type: 3}
      propertyPath: m_Materials.Array.data[2]
      value: 
      objectReference: {fileID: 0}
    - target: {fileID: 1593439255430920914, guid: a393235ceb56d55408c1f92af24f4b17,
        type: 3}
      propertyPath: m_Materials.Array.data[0]
      value: 
      objectReference: {fileID: 0}
    - target: {fileID: 1593439255430920914, guid: a393235ceb56d55408c1f92af24f4b17,
        type: 3}
      propertyPath: m_Materials.Array.data[1]
      value: 
      objectReference: {fileID: 0}
    - target: {fileID: 1593439255430920914, guid: a393235ceb56d55408c1f92af24f4b17,
        type: 3}
      propertyPath: m_Materials.Array.data[2]
      value: 
      objectReference: {fileID: 0}
    - target: {fileID: 2189803263660632466, guid: a393235ceb56d55408c1f92af24f4b17,
        type: 3}
      propertyPath: m_Materials.Array.data[0]
      value: 
      objectReference: {fileID: 0}
    - target: {fileID: 2326296541416823422, guid: a393235ceb56d55408c1f92af24f4b17,
        type: 3}
      propertyPath: m_Materials.Array.data[0]
      value: 
      objectReference: {fileID: 0}
    - target: {fileID: 2326296541416823422, guid: a393235ceb56d55408c1f92af24f4b17,
        type: 3}
      propertyPath: m_Materials.Array.data[1]
      value: 
      objectReference: {fileID: 0}
    - target: {fileID: 2326296541416823422, guid: a393235ceb56d55408c1f92af24f4b17,
        type: 3}
      propertyPath: m_Materials.Array.data[2]
      value: 
      objectReference: {fileID: 0}
    - target: {fileID: 2326296542729965962, guid: a393235ceb56d55408c1f92af24f4b17,
        type: 3}
      propertyPath: m_Materials.Array.data[0]
      value: 
      objectReference: {fileID: 0}
    - target: {fileID: 2326296542729965962, guid: a393235ceb56d55408c1f92af24f4b17,
        type: 3}
      propertyPath: m_Materials.Array.data[1]
      value: 
      objectReference: {fileID: 0}
    - target: {fileID: 2326296542729965962, guid: a393235ceb56d55408c1f92af24f4b17,
        type: 3}
      propertyPath: m_Materials.Array.data[2]
      value: 
      objectReference: {fileID: 0}
    - target: {fileID: 2326296542929311081, guid: a393235ceb56d55408c1f92af24f4b17,
        type: 3}
      propertyPath: m_Materials.Array.data[0]
      value: 
      objectReference: {fileID: 0}
    - target: {fileID: 2326296542929311081, guid: a393235ceb56d55408c1f92af24f4b17,
        type: 3}
      propertyPath: m_Materials.Array.data[1]
      value: 
      objectReference: {fileID: 0}
    - target: {fileID: 2326296542929311081, guid: a393235ceb56d55408c1f92af24f4b17,
        type: 3}
      propertyPath: m_Materials.Array.data[2]
      value: 
      objectReference: {fileID: 0}
    - target: {fileID: 2801880363627544888, guid: a393235ceb56d55408c1f92af24f4b17,
        type: 3}
      propertyPath: m_Materials.Array.data[0]
      value: 
      objectReference: {fileID: 0}
    - target: {fileID: 2801880363768174966, guid: a393235ceb56d55408c1f92af24f4b17,
        type: 3}
      propertyPath: m_Materials.Array.data[0]
      value: 
      objectReference: {fileID: 0}
    - target: {fileID: 2801880363796782954, guid: a393235ceb56d55408c1f92af24f4b17,
        type: 3}
      propertyPath: m_Materials.Array.data[0]
      value: 
      objectReference: {fileID: 0}
    - target: {fileID: 2801880363916278784, guid: a393235ceb56d55408c1f92af24f4b17,
        type: 3}
      propertyPath: m_Materials.Array.data[0]
      value: 
      objectReference: {fileID: 0}
    - target: {fileID: 2801880364061988974, guid: a393235ceb56d55408c1f92af24f4b17,
        type: 3}
      propertyPath: m_Materials.Array.data[0]
      value: 
      objectReference: {fileID: 0}
    - target: {fileID: 2801880364141462316, guid: a393235ceb56d55408c1f92af24f4b17,
        type: 3}
      propertyPath: m_Materials.Array.data[0]
      value: 
      objectReference: {fileID: 0}
    - target: {fileID: 2801880364355084928, guid: a393235ceb56d55408c1f92af24f4b17,
        type: 3}
      propertyPath: m_Materials.Array.data[0]
      value: 
      objectReference: {fileID: 0}
    - target: {fileID: 2801880364437515725, guid: a393235ceb56d55408c1f92af24f4b17,
        type: 3}
      propertyPath: m_Materials.Array.data[0]
      value: 
      objectReference: {fileID: 0}
    - target: {fileID: 2801880364489576252, guid: a393235ceb56d55408c1f92af24f4b17,
        type: 3}
      propertyPath: m_Materials.Array.data[0]
      value: 
      objectReference: {fileID: 0}
    - target: {fileID: 2801880364626084262, guid: a393235ceb56d55408c1f92af24f4b17,
        type: 3}
      propertyPath: m_Materials.Array.data[0]
      value: 
      objectReference: {fileID: 0}
    - target: {fileID: 2801880365192027302, guid: a393235ceb56d55408c1f92af24f4b17,
        type: 3}
      propertyPath: m_Materials.Array.data[0]
      value: 
      objectReference: {fileID: 0}
    - target: {fileID: 2801880365713093945, guid: a393235ceb56d55408c1f92af24f4b17,
        type: 3}
      propertyPath: m_Materials.Array.data[0]
      value: 
      objectReference: {fileID: 0}
    - target: {fileID: 2801880365744103297, guid: a393235ceb56d55408c1f92af24f4b17,
        type: 3}
      propertyPath: m_Materials.Array.data[0]
      value: 
      objectReference: {fileID: 0}
    - target: {fileID: 3018556052231429553, guid: a393235ceb56d55408c1f92af24f4b17,
        type: 3}
      propertyPath: m_Mesh
      value: 
      objectReference: {fileID: 0}
    - target: {fileID: 4442686655914338802, guid: a393235ceb56d55408c1f92af24f4b17,
        type: 3}
      propertyPath: m_PropertySheet.m_Vector3f.m_Array.Array.data[1].m_Value.y
      value: 287.37665
      objectReference: {fileID: 0}
    - target: {fileID: 4442686655914338802, guid: a393235ceb56d55408c1f92af24f4b17,
        type: 3}
      propertyPath: m_PropertySheet.m_Vector3f.m_Array.Array.data[2].m_Value.x
      value: -1910.1702
      objectReference: {fileID: 0}
    - target: {fileID: 4442686655914338802, guid: a393235ceb56d55408c1f92af24f4b17,
        type: 3}
      propertyPath: m_PropertySheet.m_Vector3f.m_Array.Array.data[2].m_Value.y
      value: -337.94
      objectReference: {fileID: 0}
    - target: {fileID: 4442686655914338805, guid: a393235ceb56d55408c1f92af24f4b17,
        type: 3}
      propertyPath: m_Materials.Array.data[0]
      value: 
      objectReference: {fileID: 0}
    - target: {fileID: 4600846235015755393, guid: a393235ceb56d55408c1f92af24f4b17,
        type: 3}
      propertyPath: m_Materials.Array.data[0]
      value: 
      objectReference: {fileID: 0}
    - target: {fileID: 4660246625916740650, guid: a393235ceb56d55408c1f92af24f4b17,
        type: 3}
      propertyPath: m_Materials.Array.data[0]
      value: 
      objectReference: {fileID: 0}
    - target: {fileID: 4660246625916740650, guid: a393235ceb56d55408c1f92af24f4b17,
        type: 3}
      propertyPath: m_Materials.Array.data[1]
      value: 
      objectReference: {fileID: 0}
    - target: {fileID: 4660246625916740650, guid: a393235ceb56d55408c1f92af24f4b17,
        type: 3}
      propertyPath: m_Materials.Array.data[2]
      value: 
      objectReference: {fileID: 0}
    - target: {fileID: 5045835488273126406, guid: a393235ceb56d55408c1f92af24f4b17,
        type: 3}
      propertyPath: m_Materials.Array.data[0]
      value: 
      objectReference: {fileID: 0}
    - target: {fileID: 5045835488309395134, guid: a393235ceb56d55408c1f92af24f4b17,
        type: 3}
      propertyPath: m_Materials.Array.data[0]
      value: 
      objectReference: {fileID: 0}
    - target: {fileID: 5045835488794793761, guid: a393235ceb56d55408c1f92af24f4b17,
        type: 3}
      propertyPath: m_Materials.Array.data[0]
      value: 
      objectReference: {fileID: 0}
    - target: {fileID: 5045835489360988705, guid: a393235ceb56d55408c1f92af24f4b17,
        type: 3}
      propertyPath: m_Materials.Array.data[0]
      value: 
      objectReference: {fileID: 0}
    - target: {fileID: 5045835489493304507, guid: a393235ceb56d55408c1f92af24f4b17,
        type: 3}
      propertyPath: m_Materials.Array.data[0]
      value: 
      objectReference: {fileID: 0}
    - target: {fileID: 5045835489583916618, guid: a393235ceb56d55408c1f92af24f4b17,
        type: 3}
      propertyPath: m_Materials.Array.data[0]
      value: 
      objectReference: {fileID: 0}
    - target: {fileID: 5045835489626761479, guid: a393235ceb56d55408c1f92af24f4b17,
        type: 3}
      propertyPath: m_Materials.Array.data[0]
      value: 
      objectReference: {fileID: 0}
    - target: {fileID: 5045835489874970795, guid: a393235ceb56d55408c1f92af24f4b17,
        type: 3}
      propertyPath: m_Materials.Array.data[0]
      value: 
      objectReference: {fileID: 0}
    - target: {fileID: 5045835489954452457, guid: a393235ceb56d55408c1f92af24f4b17,
        type: 3}
      propertyPath: m_Materials.Array.data[0]
      value: 
      objectReference: {fileID: 0}
    - target: {fileID: 5045835490068723591, guid: a393235ceb56d55408c1f92af24f4b17,
        type: 3}
      propertyPath: m_Materials.Array.data[0]
      value: 
      objectReference: {fileID: 0}
    - target: {fileID: 5045835490225951981, guid: a393235ceb56d55408c1f92af24f4b17,
        type: 3}
      propertyPath: m_Materials.Array.data[0]
      value: 
      objectReference: {fileID: 0}
    - target: {fileID: 5045835490248266481, guid: a393235ceb56d55408c1f92af24f4b17,
        type: 3}
      propertyPath: m_Materials.Array.data[0]
      value: 
      objectReference: {fileID: 0}
    - target: {fileID: 5045835490392820415, guid: a393235ceb56d55408c1f92af24f4b17,
        type: 3}
      propertyPath: m_Materials.Array.data[0]
      value: 
      objectReference: {fileID: 0}
    - target: {fileID: 5212926692855458731, guid: a393235ceb56d55408c1f92af24f4b17,
        type: 3}
      propertyPath: m_Materials.Array.data[0]
      value: 
      objectReference: {fileID: 0}
    - target: {fileID: 6164560039115616389, guid: a393235ceb56d55408c1f92af24f4b17,
        type: 3}
      propertyPath: m_Materials.Array.data[0]
      value: 
      objectReference: {fileID: 0}
    - target: {fileID: 6164560039115616389, guid: a393235ceb56d55408c1f92af24f4b17,
        type: 3}
      propertyPath: m_Materials.Array.data[1]
      value: 
      objectReference: {fileID: 0}
    - target: {fileID: 6164560039115616389, guid: a393235ceb56d55408c1f92af24f4b17,
        type: 3}
      propertyPath: m_Materials.Array.data[2]
      value: 
      objectReference: {fileID: 0}
    - target: {fileID: 6164560039391435402, guid: a393235ceb56d55408c1f92af24f4b17,
        type: 3}
      propertyPath: m_Materials.Array.data[0]
      value: 
      objectReference: {fileID: 0}
    - target: {fileID: 6164560039391435402, guid: a393235ceb56d55408c1f92af24f4b17,
        type: 3}
      propertyPath: m_Materials.Array.data[1]
      value: 
      objectReference: {fileID: 0}
    - target: {fileID: 6164560039391435402, guid: a393235ceb56d55408c1f92af24f4b17,
        type: 3}
      propertyPath: m_Materials.Array.data[2]
      value: 
      objectReference: {fileID: 0}
    - target: {fileID: 6164560039394631004, guid: a393235ceb56d55408c1f92af24f4b17,
        type: 3}
      propertyPath: m_Materials.Array.data[0]
      value: 
      objectReference: {fileID: 0}
    - target: {fileID: 6164560039394631004, guid: a393235ceb56d55408c1f92af24f4b17,
        type: 3}
      propertyPath: m_Materials.Array.data[1]
      value: 
      objectReference: {fileID: 0}
    - target: {fileID: 6164560039394631004, guid: a393235ceb56d55408c1f92af24f4b17,
        type: 3}
      propertyPath: m_Materials.Array.data[2]
      value: 
      objectReference: {fileID: 0}
    - target: {fileID: 6164560039409603998, guid: a393235ceb56d55408c1f92af24f4b17,
        type: 3}
      propertyPath: m_Materials.Array.data[0]
      value: 
      objectReference: {fileID: 0}
    - target: {fileID: 6164560039409603998, guid: a393235ceb56d55408c1f92af24f4b17,
        type: 3}
      propertyPath: m_Materials.Array.data[1]
      value: 
      objectReference: {fileID: 0}
    - target: {fileID: 6164560039409603998, guid: a393235ceb56d55408c1f92af24f4b17,
        type: 3}
      propertyPath: m_Materials.Array.data[2]
      value: 
      objectReference: {fileID: 0}
    - target: {fileID: 6164560039468292978, guid: a393235ceb56d55408c1f92af24f4b17,
        type: 3}
      propertyPath: m_Materials.Array.data[0]
      value: 
      objectReference: {fileID: 0}
    - target: {fileID: 6164560039468292978, guid: a393235ceb56d55408c1f92af24f4b17,
        type: 3}
      propertyPath: m_Materials.Array.data[1]
      value: 
      objectReference: {fileID: 0}
    - target: {fileID: 6164560039468292978, guid: a393235ceb56d55408c1f92af24f4b17,
        type: 3}
      propertyPath: m_Materials.Array.data[2]
      value: 
      objectReference: {fileID: 0}
    - target: {fileID: 6610730417477168281, guid: a393235ceb56d55408c1f92af24f4b17,
        type: 3}
      propertyPath: m_Materials.Array.data[0]
      value: 
      objectReference: {fileID: 0}
    - target: {fileID: 6610730417962697990, guid: a393235ceb56d55408c1f92af24f4b17,
        type: 3}
      propertyPath: m_Materials.Array.data[0]
      value: 
      objectReference: {fileID: 0}
    - target: {fileID: 6610730417997787070, guid: a393235ceb56d55408c1f92af24f4b17,
        type: 3}
      propertyPath: m_Materials.Array.data[0]
      value: 
      objectReference: {fileID: 0}
    - target: {fileID: 6610730418035011847, guid: a393235ceb56d55408c1f92af24f4b17,
        type: 3}
      propertyPath: m_Materials.Array.data[0]
      value: 
      objectReference: {fileID: 0}
    - target: {fileID: 6610730418163050825, guid: a393235ceb56d55408c1f92af24f4b17,
        type: 3}
      propertyPath: m_Materials.Array.data[0]
      value: 
      objectReference: {fileID: 0}
    - target: {fileID: 6610730418202144597, guid: a393235ceb56d55408c1f92af24f4b17,
        type: 3}
      propertyPath: m_Materials.Array.data[0]
      value: 
      objectReference: {fileID: 0}
    - target: {fileID: 6610730418350984255, guid: a393235ceb56d55408c1f92af24f4b17,
        type: 3}
      propertyPath: m_Materials.Array.data[0]
      value: 
      objectReference: {fileID: 0}
    - target: {fileID: 6610730418473773137, guid: a393235ceb56d55408c1f92af24f4b17,
        type: 3}
      propertyPath: m_Materials.Array.data[0]
      value: 
      objectReference: {fileID: 0}
    - target: {fileID: 6610730418527957779, guid: a393235ceb56d55408c1f92af24f4b17,
        type: 3}
      propertyPath: m_Materials.Array.data[0]
      value: 
      objectReference: {fileID: 0}
    - target: {fileID: 6610730418783638207, guid: a393235ceb56d55408c1f92af24f4b17,
        type: 3}
      propertyPath: m_Materials.Array.data[0]
      value: 
      objectReference: {fileID: 0}
    - target: {fileID: 6610730418834611698, guid: a393235ceb56d55408c1f92af24f4b17,
        type: 3}
      propertyPath: m_Materials.Array.data[0]
      value: 
      objectReference: {fileID: 0}
    - target: {fileID: 6610730418918014723, guid: a393235ceb56d55408c1f92af24f4b17,
        type: 3}
      propertyPath: m_Materials.Array.data[0]
      value: 
      objectReference: {fileID: 0}
    - target: {fileID: 6610730419050459545, guid: a393235ceb56d55408c1f92af24f4b17,
        type: 3}
      propertyPath: m_Materials.Array.data[0]
      value: 
      objectReference: {fileID: 0}
    - target: {fileID: 6769989118685640776, guid: a393235ceb56d55408c1f92af24f4b17,
        type: 3}
      propertyPath: m_Materials.Array.data[0]
      value: 
      objectReference: {fileID: 0}
    - target: {fileID: 6769989118685640776, guid: a393235ceb56d55408c1f92af24f4b17,
        type: 3}
      propertyPath: m_Materials.Array.data[1]
      value: 
      objectReference: {fileID: 0}
    - target: {fileID: 6769989118685640776, guid: a393235ceb56d55408c1f92af24f4b17,
        type: 3}
      propertyPath: m_Materials.Array.data[2]
      value: 
      objectReference: {fileID: 0}
    - target: {fileID: 7022170004575124448, guid: a393235ceb56d55408c1f92af24f4b17,
        type: 3}
      propertyPath: m_Materials.Array.data[0]
      value: 
      objectReference: {fileID: 0}
    - target: {fileID: 7022170004845140166, guid: a393235ceb56d55408c1f92af24f4b17,
        type: 3}
      propertyPath: m_Materials.Array.data[0]
      value: 
      objectReference: {fileID: 0}
    - target: {fileID: 7022170004977587804, guid: a393235ceb56d55408c1f92af24f4b17,
        type: 3}
      propertyPath: m_Materials.Array.data[0]
      value: 
      objectReference: {fileID: 0}
    - target: {fileID: 7022170005041853613, guid: a393235ceb56d55408c1f92af24f4b17,
        type: 3}
      propertyPath: m_Materials.Array.data[0]
      value: 
      objectReference: {fileID: 0}
    - target: {fileID: 7022170005137737226, guid: a393235ceb56d55408c1f92af24f4b17,
        type: 3}
      propertyPath: m_Materials.Array.data[0]
      value: 
      objectReference: {fileID: 0}
    - target: {fileID: 7022170005162147862, guid: a393235ceb56d55408c1f92af24f4b17,
        type: 3}
      propertyPath: m_Materials.Array.data[0]
      value: 
      objectReference: {fileID: 0}
    - target: {fileID: 7022170005306677336, guid: a393235ceb56d55408c1f92af24f4b17,
        type: 3}
      propertyPath: m_Materials.Array.data[0]
      value: 
      objectReference: {fileID: 0}
    - target: {fileID: 7022170005334121036, guid: a393235ceb56d55408c1f92af24f4b17,
        type: 3}
      propertyPath: m_Materials.Array.data[0]
      value: 
      objectReference: {fileID: 0}
    - target: {fileID: 7022170005405040910, guid: a393235ceb56d55408c1f92af24f4b17,
        type: 3}
      propertyPath: m_Materials.Array.data[0]
      value: 
      objectReference: {fileID: 0}
    - target: {fileID: 7022170005559289184, guid: a393235ceb56d55408c1f92af24f4b17,
        type: 3}
      propertyPath: m_Materials.Array.data[0]
      value: 
      objectReference: {fileID: 0}
    - target: {fileID: 7022170005878671073, guid: a393235ceb56d55408c1f92af24f4b17,
        type: 3}
      propertyPath: m_Materials.Array.data[0]
      value: 
      objectReference: {fileID: 0}
    - target: {fileID: 7022170005913791577, guid: a393235ceb56d55408c1f92af24f4b17,
        type: 3}
      propertyPath: m_Materials.Array.data[0]
      value: 
      objectReference: {fileID: 0}
    - target: {fileID: 7022170006434940358, guid: a393235ceb56d55408c1f92af24f4b17,
        type: 3}
      propertyPath: m_Materials.Array.data[0]
      value: 
      objectReference: {fileID: 0}
    - target: {fileID: 8072529034448235606, guid: a393235ceb56d55408c1f92af24f4b17,
        type: 3}
      propertyPath: m_Name
      value: Bloc7
      objectReference: {fileID: 0}
    - target: {fileID: 8247778444691929325, guid: a393235ceb56d55408c1f92af24f4b17,
        type: 3}
      propertyPath: m_Materials.Array.data[0]
      value: 
      objectReference: {fileID: 0}
    - target: {fileID: 8351011158129568780, guid: a393235ceb56d55408c1f92af24f4b17,
        type: 3}
      propertyPath: m_Materials.Array.data[0]
      value: 
      objectReference: {fileID: 0}
    - target: {fileID: 8643018759912760189, guid: a393235ceb56d55408c1f92af24f4b17,
        type: 3}
      propertyPath: m_Materials.Array.data[0]
      value: 
      objectReference: {fileID: 0}
    - target: {fileID: 8884672769638282988, guid: a393235ceb56d55408c1f92af24f4b17,
        type: 3}
      propertyPath: m_LocalPosition.x
      value: 0
      objectReference: {fileID: 0}
    - target: {fileID: 8884672769638282988, guid: a393235ceb56d55408c1f92af24f4b17,
        type: 3}
      propertyPath: m_LocalPosition.y
      value: 0
      objectReference: {fileID: 0}
    - target: {fileID: 8884672769638282988, guid: a393235ceb56d55408c1f92af24f4b17,
        type: 3}
      propertyPath: m_LocalPosition.z
      value: 0
      objectReference: {fileID: 0}
    - target: {fileID: 8884672769638282988, guid: a393235ceb56d55408c1f92af24f4b17,
        type: 3}
      propertyPath: m_LocalRotation.x
      value: 0
      objectReference: {fileID: 0}
    - target: {fileID: 8884672769638282988, guid: a393235ceb56d55408c1f92af24f4b17,
        type: 3}
      propertyPath: m_LocalRotation.y
      value: 0
      objectReference: {fileID: 0}
    - target: {fileID: 8884672769638282988, guid: a393235ceb56d55408c1f92af24f4b17,
        type: 3}
      propertyPath: m_LocalRotation.z
      value: 0
      objectReference: {fileID: 0}
    - target: {fileID: 8884672769638282988, guid: a393235ceb56d55408c1f92af24f4b17,
        type: 3}
      propertyPath: m_LocalRotation.w
      value: 1
      objectReference: {fileID: 0}
    - target: {fileID: 8884672769638282988, guid: a393235ceb56d55408c1f92af24f4b17,
        type: 3}
      propertyPath: m_RootOrder
      value: 0
      objectReference: {fileID: 0}
    - target: {fileID: 8884672769638282988, guid: a393235ceb56d55408c1f92af24f4b17,
        type: 3}
      propertyPath: m_LocalEulerAnglesHint.x
      value: 0
      objectReference: {fileID: 0}
    - target: {fileID: 8884672769638282988, guid: a393235ceb56d55408c1f92af24f4b17,
        type: 3}
      propertyPath: m_LocalEulerAnglesHint.y
      value: 0
      objectReference: {fileID: 0}
    - target: {fileID: 8884672769638282988, guid: a393235ceb56d55408c1f92af24f4b17,
        type: 3}
      propertyPath: m_LocalEulerAnglesHint.z
      value: 0
      objectReference: {fileID: 0}
    m_RemovedComponents:
    - {fileID: 2827918493212953897, guid: a393235ceb56d55408c1f92af24f4b17, type: 3}
    - {fileID: 5883319441021642212, guid: a393235ceb56d55408c1f92af24f4b17, type: 3}
  m_SourcePrefab: {fileID: 100100000, guid: a393235ceb56d55408c1f92af24f4b17, type: 3}
--- !u!4 &2578041559448160143 stripped
Transform:
  m_CorrespondingSourceObject: {fileID: 8884672769638282988, guid: a393235ceb56d55408c1f92af24f4b17,
    type: 3}
  m_PrefabInstance: {fileID: 6380397721386889571}
  m_PrefabAsset: {fileID: 0}
--- !u!1001 &6581982914420876171
PrefabInstance:
  m_ObjectHideFlags: 0
  serializedVersion: 2
  m_Modification:
    m_TransformParent: {fileID: 8717081216131587328}
    m_Modifications:
    - target: {fileID: 106927930633574480, guid: 15eda695e63458546b04f68e04d03345,
        type: 3}
      propertyPath: m_Name
      value: Waypoint (10)
      objectReference: {fileID: 0}
    - target: {fileID: 106927930633574481, guid: 15eda695e63458546b04f68e04d03345,
        type: 3}
      propertyPath: m_LocalPosition.x
      value: -0.046
      objectReference: {fileID: 0}
    - target: {fileID: 106927930633574481, guid: 15eda695e63458546b04f68e04d03345,
        type: 3}
      propertyPath: m_LocalPosition.y
      value: 0.175
      objectReference: {fileID: 0}
    - target: {fileID: 106927930633574481, guid: 15eda695e63458546b04f68e04d03345,
        type: 3}
      propertyPath: m_LocalPosition.z
      value: 2.029
      objectReference: {fileID: 0}
    - target: {fileID: 106927930633574481, guid: 15eda695e63458546b04f68e04d03345,
        type: 3}
      propertyPath: m_LocalRotation.x
      value: 0.034461915
      objectReference: {fileID: 0}
    - target: {fileID: 106927930633574481, guid: 15eda695e63458546b04f68e04d03345,
        type: 3}
      propertyPath: m_LocalRotation.y
      value: -0.66214067
      objectReference: {fileID: 0}
    - target: {fileID: 106927930633574481, guid: 15eda695e63458546b04f68e04d03345,
        type: 3}
      propertyPath: m_LocalRotation.z
      value: 0.058361262
      objectReference: {fileID: 0}
    - target: {fileID: 106927930633574481, guid: 15eda695e63458546b04f68e04d03345,
        type: 3}
      propertyPath: m_LocalRotation.w
      value: 0.7463083
      objectReference: {fileID: 0}
    - target: {fileID: 106927930633574481, guid: 15eda695e63458546b04f68e04d03345,
        type: 3}
      propertyPath: m_RootOrder
      value: 10
      objectReference: {fileID: 0}
    - target: {fileID: 106927930633574481, guid: 15eda695e63458546b04f68e04d03345,
        type: 3}
      propertyPath: m_LocalEulerAnglesHint.x
      value: 7.3960004
      objectReference: {fileID: 0}
    - target: {fileID: 106927930633574481, guid: 15eda695e63458546b04f68e04d03345,
        type: 3}
      propertyPath: m_LocalEulerAnglesHint.y
      value: -83.005005
      objectReference: {fileID: 0}
    - target: {fileID: 106927930633574481, guid: 15eda695e63458546b04f68e04d03345,
        type: 3}
      propertyPath: m_LocalEulerAnglesHint.z
      value: 2.397
      objectReference: {fileID: 0}
    - target: {fileID: 106927930633574482, guid: 15eda695e63458546b04f68e04d03345,
        type: 3}
      propertyPath: m_Size.y
      value: 7.21
      objectReference: {fileID: 0}
    - target: {fileID: 106927930633574482, guid: 15eda695e63458546b04f68e04d03345,
        type: 3}
      propertyPath: m_Size.z
      value: 0.49
      objectReference: {fileID: 0}
    - target: {fileID: 106927930633574485, guid: 15eda695e63458546b04f68e04d03345,
        type: 3}
      propertyPath: ID
      value: 10
      objectReference: {fileID: 0}
    m_RemovedComponents: []
  m_SourcePrefab: {fileID: 100100000, guid: 15eda695e63458546b04f68e04d03345, type: 3}
--- !u!1 &6497573810861276123 stripped
GameObject:
  m_CorrespondingSourceObject: {fileID: 106927930633574480, guid: 15eda695e63458546b04f68e04d03345,
    type: 3}
  m_PrefabInstance: {fileID: 6581982914420876171}
  m_PrefabAsset: {fileID: 0}
--- !u!4 &6497573810861276122 stripped
Transform:
  m_CorrespondingSourceObject: {fileID: 106927930633574481, guid: 15eda695e63458546b04f68e04d03345,
    type: 3}
  m_PrefabInstance: {fileID: 6581982914420876171}
  m_PrefabAsset: {fileID: 0}
--- !u!1001 &7363197534732263137
PrefabInstance:
  m_ObjectHideFlags: 0
  serializedVersion: 2
  m_Modification:
    m_TransformParent: {fileID: 8717081216131587328}
    m_Modifications:
    - target: {fileID: 106927930633574480, guid: 15eda695e63458546b04f68e04d03345,
        type: 3}
      propertyPath: m_Name
      value: Waypoint (8)
      objectReference: {fileID: 0}
    - target: {fileID: 106927930633574481, guid: 15eda695e63458546b04f68e04d03345,
        type: 3}
      propertyPath: m_LocalPosition.x
      value: 0.745
      objectReference: {fileID: 0}
    - target: {fileID: 106927930633574481, guid: 15eda695e63458546b04f68e04d03345,
        type: 3}
      propertyPath: m_LocalPosition.y
      value: 1.841
      objectReference: {fileID: 0}
    - target: {fileID: 106927930633574481, guid: 15eda695e63458546b04f68e04d03345,
        type: 3}
      propertyPath: m_LocalPosition.z
      value: -4.278
      objectReference: {fileID: 0}
    - target: {fileID: 106927930633574481, guid: 15eda695e63458546b04f68e04d03345,
        type: 3}
      propertyPath: m_LocalRotation.x
      value: -0
      objectReference: {fileID: 0}
    - target: {fileID: 106927930633574481, guid: 15eda695e63458546b04f68e04d03345,
        type: 3}
      propertyPath: m_LocalRotation.y
      value: -0.98436904
      objectReference: {fileID: 0}
    - target: {fileID: 106927930633574481, guid: 15eda695e63458546b04f68e04d03345,
        type: 3}
      propertyPath: m_LocalRotation.z
      value: -0
      objectReference: {fileID: 0}
    - target: {fileID: 106927930633574481, guid: 15eda695e63458546b04f68e04d03345,
        type: 3}
      propertyPath: m_LocalRotation.w
      value: 0.17611812
      objectReference: {fileID: 0}
    - target: {fileID: 106927930633574481, guid: 15eda695e63458546b04f68e04d03345,
        type: 3}
      propertyPath: m_RootOrder
      value: 8
      objectReference: {fileID: 0}
    - target: {fileID: 106927930633574481, guid: 15eda695e63458546b04f68e04d03345,
        type: 3}
      propertyPath: m_LocalEulerAnglesHint.x
      value: 0
      objectReference: {fileID: 0}
    - target: {fileID: 106927930633574481, guid: 15eda695e63458546b04f68e04d03345,
        type: 3}
      propertyPath: m_LocalEulerAnglesHint.y
      value: -159.71301
      objectReference: {fileID: 0}
    - target: {fileID: 106927930633574481, guid: 15eda695e63458546b04f68e04d03345,
        type: 3}
      propertyPath: m_LocalEulerAnglesHint.z
      value: 0
      objectReference: {fileID: 0}
    - target: {fileID: 106927930633574482, guid: 15eda695e63458546b04f68e04d03345,
        type: 3}
      propertyPath: m_Size.y
      value: 7.21
      objectReference: {fileID: 0}
    - target: {fileID: 106927930633574482, guid: 15eda695e63458546b04f68e04d03345,
        type: 3}
      propertyPath: m_Size.z
      value: 0.25
      objectReference: {fileID: 0}
    - target: {fileID: 106927930633574485, guid: 15eda695e63458546b04f68e04d03345,
        type: 3}
      propertyPath: ID
      value: 8
      objectReference: {fileID: 0}
    m_RemovedComponents: []
  m_SourcePrefab: {fileID: 100100000, guid: 15eda695e63458546b04f68e04d03345, type: 3}
--- !u!1 &7445777602562016945 stripped
GameObject:
  m_CorrespondingSourceObject: {fileID: 106927930633574480, guid: 15eda695e63458546b04f68e04d03345,
    type: 3}
  m_PrefabInstance: {fileID: 7363197534732263137}
  m_PrefabAsset: {fileID: 0}
--- !u!4 &7445777602562016944 stripped
Transform:
  m_CorrespondingSourceObject: {fileID: 106927930633574481, guid: 15eda695e63458546b04f68e04d03345,
    type: 3}
  m_PrefabInstance: {fileID: 7363197534732263137}
  m_PrefabAsset: {fileID: 0}
--- !u!1001 &7581310245826034988
PrefabInstance:
  m_ObjectHideFlags: 0
  serializedVersion: 2
  m_Modification:
    m_TransformParent: {fileID: 8717081216131587328}
    m_Modifications:
    - target: {fileID: 106927930633574480, guid: 15eda695e63458546b04f68e04d03345,
        type: 3}
      propertyPath: m_Name
      value: Waypoint (11)
      objectReference: {fileID: 0}
    - target: {fileID: 106927930633574481, guid: 15eda695e63458546b04f68e04d03345,
        type: 3}
      propertyPath: m_LocalPosition.x
      value: 0.345
      objectReference: {fileID: 0}
    - target: {fileID: 106927930633574481, guid: 15eda695e63458546b04f68e04d03345,
        type: 3}
      propertyPath: m_LocalPosition.y
      value: -0.52
      objectReference: {fileID: 0}
    - target: {fileID: 106927930633574481, guid: 15eda695e63458546b04f68e04d03345,
        type: 3}
      propertyPath: m_LocalPosition.z
      value: 5.314
      objectReference: {fileID: 0}
    - target: {fileID: 106927930633574481, guid: 15eda695e63458546b04f68e04d03345,
        type: 3}
      propertyPath: m_LocalRotation.x
      value: 0
      objectReference: {fileID: 0}
    - target: {fileID: 106927930633574481, guid: 15eda695e63458546b04f68e04d03345,
        type: 3}
      propertyPath: m_LocalRotation.y
      value: -0.7071068
      objectReference: {fileID: 0}
    - target: {fileID: 106927930633574481, guid: 15eda695e63458546b04f68e04d03345,
        type: 3}
      propertyPath: m_LocalRotation.z
      value: 0
      objectReference: {fileID: 0}
    - target: {fileID: 106927930633574481, guid: 15eda695e63458546b04f68e04d03345,
        type: 3}
      propertyPath: m_LocalRotation.w
      value: 0.7071068
      objectReference: {fileID: 0}
    - target: {fileID: 106927930633574481, guid: 15eda695e63458546b04f68e04d03345,
        type: 3}
      propertyPath: m_RootOrder
      value: 11
      objectReference: {fileID: 0}
    - target: {fileID: 106927930633574481, guid: 15eda695e63458546b04f68e04d03345,
        type: 3}
      propertyPath: m_LocalEulerAnglesHint.x
      value: 0
      objectReference: {fileID: 0}
    - target: {fileID: 106927930633574481, guid: 15eda695e63458546b04f68e04d03345,
        type: 3}
      propertyPath: m_LocalEulerAnglesHint.y
      value: -90
      objectReference: {fileID: 0}
    - target: {fileID: 106927930633574481, guid: 15eda695e63458546b04f68e04d03345,
        type: 3}
      propertyPath: m_LocalEulerAnglesHint.z
      value: 0
      objectReference: {fileID: 0}
    - target: {fileID: 106927930633574482, guid: 15eda695e63458546b04f68e04d03345,
        type: 3}
      propertyPath: m_Size.y
      value: 7.21
      objectReference: {fileID: 0}
    - target: {fileID: 106927930633574482, guid: 15eda695e63458546b04f68e04d03345,
        type: 3}
      propertyPath: m_Size.z
      value: 0.86
      objectReference: {fileID: 0}
    - target: {fileID: 106927930633574485, guid: 15eda695e63458546b04f68e04d03345,
        type: 3}
      propertyPath: ID
      value: 11
      objectReference: {fileID: 0}
    m_RemovedComponents: []
  m_SourcePrefab: {fileID: 100100000, guid: 15eda695e63458546b04f68e04d03345, type: 3}
--- !u!1 &7515905119805121916 stripped
GameObject:
  m_CorrespondingSourceObject: {fileID: 106927930633574480, guid: 15eda695e63458546b04f68e04d03345,
    type: 3}
  m_PrefabInstance: {fileID: 7581310245826034988}
  m_PrefabAsset: {fileID: 0}
--- !u!4 &7515905119805121917 stripped
Transform:
  m_CorrespondingSourceObject: {fileID: 106927930633574481, guid: 15eda695e63458546b04f68e04d03345,
    type: 3}
  m_PrefabInstance: {fileID: 7581310245826034988}
  m_PrefabAsset: {fileID: 0}
--- !u!1001 &9089281525741668474
PrefabInstance:
  m_ObjectHideFlags: 0
  serializedVersion: 2
  m_Modification:
    m_TransformParent: {fileID: 8717081216131587328}
    m_Modifications:
    - target: {fileID: 106927930633574480, guid: 15eda695e63458546b04f68e04d03345,
        type: 3}
      propertyPath: m_Name
      value: Waypoint (5)
      objectReference: {fileID: 0}
    - target: {fileID: 106927930633574481, guid: 15eda695e63458546b04f68e04d03345,
        type: 3}
      propertyPath: m_LocalPosition.x
      value: 1.091
      objectReference: {fileID: 0}
    - target: {fileID: 106927930633574481, guid: 15eda695e63458546b04f68e04d03345,
        type: 3}
      propertyPath: m_LocalPosition.y
      value: 2.044
      objectReference: {fileID: 0}
    - target: {fileID: 106927930633574481, guid: 15eda695e63458546b04f68e04d03345,
        type: 3}
      propertyPath: m_LocalPosition.z
      value: -5.617
      objectReference: {fileID: 0}
    - target: {fileID: 106927930633574481, guid: 15eda695e63458546b04f68e04d03345,
        type: 3}
      propertyPath: m_LocalRotation.x
      value: -0
      objectReference: {fileID: 0}
    - target: {fileID: 106927930633574481, guid: 15eda695e63458546b04f68e04d03345,
        type: 3}
      propertyPath: m_LocalRotation.y
      value: -0.28850216
      objectReference: {fileID: 0}
    - target: {fileID: 106927930633574481, guid: 15eda695e63458546b04f68e04d03345,
        type: 3}
      propertyPath: m_LocalRotation.z
      value: -0
      objectReference: {fileID: 0}
    - target: {fileID: 106927930633574481, guid: 15eda695e63458546b04f68e04d03345,
        type: 3}
      propertyPath: m_LocalRotation.w
      value: 0.9574793
      objectReference: {fileID: 0}
    - target: {fileID: 106927930633574481, guid: 15eda695e63458546b04f68e04d03345,
        type: 3}
      propertyPath: m_RootOrder
      value: 5
      objectReference: {fileID: 0}
    - target: {fileID: 106927930633574481, guid: 15eda695e63458546b04f68e04d03345,
        type: 3}
      propertyPath: m_LocalEulerAnglesHint.x
      value: 0
      objectReference: {fileID: 0}
    - target: {fileID: 106927930633574481, guid: 15eda695e63458546b04f68e04d03345,
        type: 3}
      propertyPath: m_LocalEulerAnglesHint.y
      value: -33.537003
      objectReference: {fileID: 0}
    - target: {fileID: 106927930633574481, guid: 15eda695e63458546b04f68e04d03345,
        type: 3}
      propertyPath: m_LocalEulerAnglesHint.z
      value: 0
      objectReference: {fileID: 0}
    - target: {fileID: 106927930633574482, guid: 15eda695e63458546b04f68e04d03345,
        type: 3}
      propertyPath: m_Size.y
      value: 7.21
      objectReference: {fileID: 0}
    - target: {fileID: 106927930633574482, guid: 15eda695e63458546b04f68e04d03345,
        type: 3}
      propertyPath: m_Size.z
      value: 0.25
      objectReference: {fileID: 0}
    - target: {fileID: 106927930633574485, guid: 15eda695e63458546b04f68e04d03345,
        type: 3}
      propertyPath: ID
      value: 5
      objectReference: {fileID: 0}
    m_RemovedComponents: []
  m_SourcePrefab: {fileID: 100100000, guid: 15eda695e63458546b04f68e04d03345, type: 3}
--- !u!1 &9176223883385180202 stripped
GameObject:
  m_CorrespondingSourceObject: {fileID: 106927930633574480, guid: 15eda695e63458546b04f68e04d03345,
    type: 3}
  m_PrefabInstance: {fileID: 9089281525741668474}
  m_PrefabAsset: {fileID: 0}
--- !u!4 &9176223883385180203 stripped
Transform:
  m_CorrespondingSourceObject: {fileID: 106927930633574481, guid: 15eda695e63458546b04f68e04d03345,
    type: 3}
  m_PrefabInstance: {fileID: 9089281525741668474}
  m_PrefabAsset: {fileID: 0}
--- !u!1001 &9100949251926168677
PrefabInstance:
  m_ObjectHideFlags: 0
  serializedVersion: 2
  m_Modification:
    m_TransformParent: {fileID: 8717081216131587328}
    m_Modifications:
    - target: {fileID: 106927930633574480, guid: 15eda695e63458546b04f68e04d03345,
        type: 3}
      propertyPath: m_Name
      value: Waypoint (1)
      objectReference: {fileID: 0}
    - target: {fileID: 106927930633574481, guid: 15eda695e63458546b04f68e04d03345,
        type: 3}
      propertyPath: m_LocalPosition.x
      value: -0.52
      objectReference: {fileID: 0}
    - target: {fileID: 106927930633574481, guid: 15eda695e63458546b04f68e04d03345,
        type: 3}
      propertyPath: m_LocalPosition.y
      value: 2.496
      objectReference: {fileID: 0}
    - target: {fileID: 106927930633574481, guid: 15eda695e63458546b04f68e04d03345,
        type: 3}
      propertyPath: m_LocalPosition.z
      value: -6.713
      objectReference: {fileID: 0}
    - target: {fileID: 106927930633574481, guid: 15eda695e63458546b04f68e04d03345,
        type: 3}
      propertyPath: m_LocalRotation.x
      value: 0
      objectReference: {fileID: 0}
    - target: {fileID: 106927930633574481, guid: 15eda695e63458546b04f68e04d03345,
        type: 3}
      propertyPath: m_LocalRotation.y
      value: -0.7071068
      objectReference: {fileID: 0}
    - target: {fileID: 106927930633574481, guid: 15eda695e63458546b04f68e04d03345,
        type: 3}
      propertyPath: m_LocalRotation.z
      value: 0
      objectReference: {fileID: 0}
    - target: {fileID: 106927930633574481, guid: 15eda695e63458546b04f68e04d03345,
        type: 3}
      propertyPath: m_LocalRotation.w
      value: 0.7071068
      objectReference: {fileID: 0}
    - target: {fileID: 106927930633574481, guid: 15eda695e63458546b04f68e04d03345,
        type: 3}
      propertyPath: m_RootOrder
      value: 1
      objectReference: {fileID: 0}
    - target: {fileID: 106927930633574481, guid: 15eda695e63458546b04f68e04d03345,
        type: 3}
      propertyPath: m_LocalEulerAnglesHint.x
      value: 0
      objectReference: {fileID: 0}
    - target: {fileID: 106927930633574481, guid: 15eda695e63458546b04f68e04d03345,
        type: 3}
      propertyPath: m_LocalEulerAnglesHint.y
      value: -90
      objectReference: {fileID: 0}
    - target: {fileID: 106927930633574481, guid: 15eda695e63458546b04f68e04d03345,
        type: 3}
      propertyPath: m_LocalEulerAnglesHint.z
      value: 0
      objectReference: {fileID: 0}
    - target: {fileID: 106927930633574482, guid: 15eda695e63458546b04f68e04d03345,
        type: 3}
      propertyPath: m_Size.y
      value: 7.21
      objectReference: {fileID: 0}
    - target: {fileID: 106927930633574482, guid: 15eda695e63458546b04f68e04d03345,
        type: 3}
      propertyPath: m_Size.z
      value: 0.32
      objectReference: {fileID: 0}
    - target: {fileID: 106927930633574485, guid: 15eda695e63458546b04f68e04d03345,
        type: 3}
      propertyPath: ID
      value: 1
      objectReference: {fileID: 0}
    m_RemovedComponents: []
  m_SourcePrefab: {fileID: 100100000, guid: 15eda695e63458546b04f68e04d03345, type: 3}
--- !u!1 &9166781559675669557 stripped
GameObject:
  m_CorrespondingSourceObject: {fileID: 106927930633574480, guid: 15eda695e63458546b04f68e04d03345,
    type: 3}
  m_PrefabInstance: {fileID: 9100949251926168677}
  m_PrefabAsset: {fileID: 0}
--- !u!4 &9166781559675669556 stripped
Transform:
  m_CorrespondingSourceObject: {fileID: 106927930633574481, guid: 15eda695e63458546b04f68e04d03345,
    type: 3}
  m_PrefabInstance: {fileID: 9100949251926168677}
  m_PrefabAsset: {fileID: 0}
--- !u!1001 &9149302491452333094
PrefabInstance:
  m_ObjectHideFlags: 0
  serializedVersion: 2
  m_Modification:
    m_TransformParent: {fileID: 8717081216131587328}
    m_Modifications:
    - target: {fileID: 106927930633574480, guid: 15eda695e63458546b04f68e04d03345,
        type: 3}
      propertyPath: m_Name
      value: Waypoint (4)
      objectReference: {fileID: 0}
    - target: {fileID: 106927930633574481, guid: 15eda695e63458546b04f68e04d03345,
        type: 3}
      propertyPath: m_LocalPosition.x
      value: 0.517
      objectReference: {fileID: 0}
    - target: {fileID: 106927930633574481, guid: 15eda695e63458546b04f68e04d03345,
        type: 3}
      propertyPath: m_LocalPosition.y
      value: 2.044
      objectReference: {fileID: 0}
    - target: {fileID: 106927930633574481, guid: 15eda695e63458546b04f68e04d03345,
        type: 3}
      propertyPath: m_LocalPosition.z
      value: -5.538
      objectReference: {fileID: 0}
    - target: {fileID: 106927930633574481, guid: 15eda695e63458546b04f68e04d03345,
        type: 3}
      propertyPath: m_LocalRotation.x
      value: -0
      objectReference: {fileID: 0}
    - target: {fileID: 106927930633574481, guid: 15eda695e63458546b04f68e04d03345,
        type: 3}
      propertyPath: m_LocalRotation.y
      value: 0.14237824
      objectReference: {fileID: 0}
    - target: {fileID: 106927930633574481, guid: 15eda695e63458546b04f68e04d03345,
        type: 3}
      propertyPath: m_LocalRotation.z
      value: -0
      objectReference: {fileID: 0}
    - target: {fileID: 106927930633574481, guid: 15eda695e63458546b04f68e04d03345,
        type: 3}
      propertyPath: m_LocalRotation.w
      value: 0.9898124
      objectReference: {fileID: 0}
    - target: {fileID: 106927930633574481, guid: 15eda695e63458546b04f68e04d03345,
        type: 3}
      propertyPath: m_RootOrder
      value: 4
      objectReference: {fileID: 0}
    - target: {fileID: 106927930633574481, guid: 15eda695e63458546b04f68e04d03345,
        type: 3}
      propertyPath: m_LocalEulerAnglesHint.x
      value: 0
      objectReference: {fileID: 0}
    - target: {fileID: 106927930633574481, guid: 15eda695e63458546b04f68e04d03345,
        type: 3}
      propertyPath: m_LocalEulerAnglesHint.y
      value: 16.371
      objectReference: {fileID: 0}
    - target: {fileID: 106927930633574481, guid: 15eda695e63458546b04f68e04d03345,
        type: 3}
      propertyPath: m_LocalEulerAnglesHint.z
      value: 0
      objectReference: {fileID: 0}
    - target: {fileID: 106927930633574482, guid: 15eda695e63458546b04f68e04d03345,
        type: 3}
      propertyPath: m_Size.y
      value: 7.21
      objectReference: {fileID: 0}
    - target: {fileID: 106927930633574482, guid: 15eda695e63458546b04f68e04d03345,
        type: 3}
      propertyPath: m_Size.z
      value: 0.25
      objectReference: {fileID: 0}
    - target: {fileID: 106927930633574485, guid: 15eda695e63458546b04f68e04d03345,
        type: 3}
      propertyPath: ID
      value: 4
      objectReference: {fileID: 0}
    m_RemovedComponents: []
  m_SourcePrefab: {fileID: 100100000, guid: 15eda695e63458546b04f68e04d03345, type: 3}
--- !u!4 &9188249542232343671 stripped
Transform:
  m_CorrespondingSourceObject: {fileID: 106927930633574481, guid: 15eda695e63458546b04f68e04d03345,
    type: 3}
  m_PrefabInstance: {fileID: 9149302491452333094}
  m_PrefabAsset: {fileID: 0}
--- !u!1 &9188249542232343670 stripped
GameObject:
  m_CorrespondingSourceObject: {fileID: 106927930633574480, guid: 15eda695e63458546b04f68e04d03345,
    type: 3}
  m_PrefabInstance: {fileID: 9149302491452333094}
  m_PrefabAsset: {fileID: 0}
