%YAML 1.1
%TAG !u! tag:unity3d.com,2011:
--- !u!1 &869398797477256301
GameObject:
  m_ObjectHideFlags: 0
  m_CorrespondingSourceObject: {fileID: 0}
  m_PrefabInstance: {fileID: 0}
  m_PrefabAsset: {fileID: 0}
  serializedVersion: 6
  m_Component:
  - component: {fileID: 8978896443365962602}
  - component: {fileID: 2765582542292044792}
  - component: {fileID: 6562590852414433393}
  - component: {fileID: 7160356770418455363}
  - component: {fileID: 7307046486127345512}
  m_Layer: 0
  m_Name: Mesh
  m_TagString: Untagged
  m_Icon: {fileID: 0}
  m_NavMeshLayer: 0
  m_StaticEditorFlags: 0
  m_IsActive: 1
--- !u!4 &8978896443365962602
Transform:
  m_ObjectHideFlags: 0
  m_CorrespondingSourceObject: {fileID: 0}
  m_PrefabInstance: {fileID: 0}
  m_PrefabAsset: {fileID: 0}
  m_GameObject: {fileID: 869398797477256301}
  m_LocalRotation: {x: 0, y: 0, z: 0, w: 1}
  m_LocalPosition: {x: 0, y: 0, z: 0}
  m_LocalScale: {x: 1, y: 1, z: 1}
  m_Children:
  - {fileID: 3158013657914505672}
  m_Father: {fileID: 1284717422829834885}
  m_RootOrder: 0
  m_LocalEulerAnglesHint: {x: 0, y: 0, z: 0}
--- !u!33 &2765582542292044792
MeshFilter:
  m_ObjectHideFlags: 0
  m_CorrespondingSourceObject: {fileID: 0}
  m_PrefabInstance: {fileID: 0}
  m_PrefabAsset: {fileID: 0}
  m_GameObject: {fileID: 869398797477256301}
  m_Mesh: {fileID: 10207, guid: 0000000000000000e000000000000000, type: 0}
--- !u!23 &6562590852414433393
MeshRenderer:
  m_ObjectHideFlags: 0
  m_CorrespondingSourceObject: {fileID: 0}
  m_PrefabInstance: {fileID: 0}
  m_PrefabAsset: {fileID: 0}
  m_GameObject: {fileID: 869398797477256301}
  m_Enabled: 1
  m_CastShadows: 1
  m_ReceiveShadows: 1
  m_DynamicOccludee: 1
  m_MotionVectors: 1
  m_LightProbeUsage: 1
  m_ReflectionProbeUsage: 1
  m_RayTracingMode: 2
  m_RenderingLayerMask: 1
  m_RendererPriority: 0
  m_Materials:
  - {fileID: 2100000, guid: 859c6d465eb7ca941bffeeee23a8ed12, type: 2}
  m_StaticBatchInfo:
    firstSubMesh: 0
    subMeshCount: 0
  m_StaticBatchRoot: {fileID: 0}
  m_ProbeAnchor: {fileID: 0}
  m_LightProbeVolumeOverride: {fileID: 0}
  m_ScaleInLightmap: 1
  m_ReceiveGI: 1
  m_PreserveUVs: 0
  m_IgnoreNormalsForChartDetection: 0
  m_ImportantGI: 0
  m_StitchLightmapSeams: 1
  m_SelectedEditorRenderState: 3
  m_MinimumChartSize: 4
  m_AutoUVMaxDistance: 0.5
  m_AutoUVMaxAngle: 89
  m_LightmapParameters: {fileID: 0}
  m_SortingLayerID: 0
  m_SortingLayer: 0
  m_SortingOrder: 0
--- !u!95 &7160356770418455363
Animator:
  serializedVersion: 3
  m_ObjectHideFlags: 0
  m_CorrespondingSourceObject: {fileID: 0}
  m_PrefabInstance: {fileID: 0}
  m_PrefabAsset: {fileID: 0}
  m_GameObject: {fileID: 869398797477256301}
  m_Enabled: 1
  m_Avatar: {fileID: 0}
  m_Controller: {fileID: 9100000, guid: e870036d1058f404c8898bbf91a23ce2, type: 2}
  m_CullingMode: 0
  m_UpdateMode: 0
  m_ApplyRootMotion: 0
  m_LinearVelocityBlending: 0
  m_WarningMessage: 
  m_HasTransformHierarchy: 1
  m_AllowConstantClipSamplingOptimization: 1
  m_KeepAnimatorControllerStateOnDisable: 0
--- !u!114 &7307046486127345512
MonoBehaviour:
  m_ObjectHideFlags: 0
  m_CorrespondingSourceObject: {fileID: 0}
  m_PrefabInstance: {fileID: 0}
  m_PrefabAsset: {fileID: 0}
  m_GameObject: {fileID: 869398797477256301}
  m_Enabled: 1
  m_EditorHideFlags: 0
  m_Script: {fileID: 11500000, guid: 0eaf79c1016b06c48a589bda3e6ce406, type: 3}
  m_Name: 
  m_EditorClassIdentifier: 
  parameterName: Random
  randomBetween: {x: 0, y: 4}
  timeUpdate: 1
--- !u!1 &1284717422829834881
GameObject:
  m_ObjectHideFlags: 0
  m_CorrespondingSourceObject: {fileID: 0}
  m_PrefabInstance: {fileID: 0}
  m_PrefabAsset: {fileID: 0}
  serializedVersion: 6
  m_Component:
  - component: {fileID: 1284717422829834885}
  m_Layer: 14
  m_Name: PlayerClassement
  m_TagString: Player
  m_Icon: {fileID: 0}
  m_NavMeshLayer: 0
  m_StaticEditorFlags: 0
  m_IsActive: 1
--- !u!4 &1284717422829834885
Transform:
  m_ObjectHideFlags: 0
  m_CorrespondingSourceObject: {fileID: 0}
  m_PrefabInstance: {fileID: 0}
  m_PrefabAsset: {fileID: 0}
  m_GameObject: {fileID: 1284717422829834881}
  m_LocalRotation: {x: -0, y: -0.9320423, z: -0, w: 0.36234948}
  m_LocalPosition: {x: 2.48, y: 7.45, z: -5.08}
  m_LocalScale: {x: 7, y: 7, z: 7}
  m_Children:
  - {fileID: 8978896443365962602}
  m_Father: {fileID: 0}
  m_RootOrder: 0
  m_LocalEulerAnglesHint: {x: 0, y: -137.511, z: 0}
--- !u!1001 &6947347827948010232
PrefabInstance:
  m_ObjectHideFlags: 0
  serializedVersion: 2
  m_Modification:
    m_TransformParent: {fileID: 8978896443365962602}
    m_Modifications:
    - target: {fileID: 511318663134898308, guid: 17c8cd6cef913514ba93540df82f40bd,
        type: 3}
      propertyPath: isInMenu
      value: 0
      objectReference: {fileID: 0}
    - target: {fileID: 1045559770721362481, guid: 17c8cd6cef913514ba93540df82f40bd,
        type: 3}
      propertyPath: m_Name
      value: VisageTest
      objectReference: {fileID: 0}
    - target: {fileID: 5456802244286432048, guid: 17c8cd6cef913514ba93540df82f40bd,
        type: 3}
      propertyPath: m_LocalPosition.x
      value: 0
      objectReference: {fileID: 0}
    - target: {fileID: 5456802244286432048, guid: 17c8cd6cef913514ba93540df82f40bd,
        type: 3}
      propertyPath: m_LocalPosition.y
      value: 0
      objectReference: {fileID: 0}
    - target: {fileID: 5456802244286432048, guid: 17c8cd6cef913514ba93540df82f40bd,
        type: 3}
      propertyPath: m_LocalPosition.z
      value: 0.50699997
      objectReference: {fileID: 0}
    - target: {fileID: 5456802244286432048, guid: 17c8cd6cef913514ba93540df82f40bd,
        type: 3}
      propertyPath: m_LocalRotation.x
      value: -0
      objectReference: {fileID: 0}
    - target: {fileID: 5456802244286432048, guid: 17c8cd6cef913514ba93540df82f40bd,
        type: 3}
      propertyPath: m_LocalRotation.y
      value: -0
      objectReference: {fileID: 0}
    - target: {fileID: 5456802244286432048, guid: 17c8cd6cef913514ba93540df82f40bd,
        type: 3}
      propertyPath: m_LocalRotation.z
      value: -0
      objectReference: {fileID: 0}
    - target: {fileID: 5456802244286432048, guid: 17c8cd6cef913514ba93540df82f40bd,
        type: 3}
      propertyPath: m_LocalRotation.w
      value: 1
      objectReference: {fileID: 0}
    - target: {fileID: 5456802244286432048, guid: 17c8cd6cef913514ba93540df82f40bd,
        type: 3}
      propertyPath: m_RootOrder
      value: 0
      objectReference: {fileID: 0}
    - target: {fileID: 5456802244286432048, guid: 17c8cd6cef913514ba93540df82f40bd,
        type: 3}
      propertyPath: m_LocalEulerAnglesHint.x
      value: 0
      objectReference: {fileID: 0}
    - target: {fileID: 5456802244286432048, guid: 17c8cd6cef913514ba93540df82f40bd,
        type: 3}
      propertyPath: m_LocalEulerAnglesHint.y
      value: 0
      objectReference: {fileID: 0}
    - target: {fileID: 5456802244286432048, guid: 17c8cd6cef913514ba93540df82f40bd,
        type: 3}
      propertyPath: m_LocalEulerAnglesHint.z
      value: 0
      objectReference: {fileID: 0}
    m_RemovedComponents: []
  m_SourcePrefab: {fileID: 100100000, guid: 17c8cd6cef913514ba93540df82f40bd, type: 3}
--- !u!4 &3158013657914505672 stripped
Transform:
  m_CorrespondingSourceObject: {fileID: 5456802244286432048, guid: 17c8cd6cef913514ba93540df82f40bd,
    type: 3}
  m_PrefabInstance: {fileID: 6947347827948010232}
  m_PrefabAsset: {fileID: 0}
