%YAML 1.1
%TAG !u! tag:unity3d.com,2011:
--- !u!1 &1135073330046304855
GameObject:
  m_ObjectHideFlags: 0
  m_CorrespondingSourceObject: {fileID: 0}
  m_PrefabInstance: {fileID: 0}
  m_PrefabAsset: {fileID: 0}
  serializedVersion: 6
  m_Component:
  - component: {fileID: 1135073330046304854}
  m_Layer: 0
  m_Name: Podium
  m_TagString: Untagged
  m_Icon: {fileID: 0}
  m_NavMeshLayer: 0
  m_StaticEditorFlags: 0
  m_IsActive: 1
--- !u!4 &1135073330046304854
Transform:
  m_ObjectHideFlags: 0
  m_CorrespondingSourceObject: {fileID: 0}
  m_PrefabInstance: {fileID: 0}
  m_PrefabAsset: {fileID: 0}
  m_GameObject: {fileID: 1135073330046304855}
  m_LocalRotation: {x: 0, y: 0, z: 0, w: 1}
  m_LocalPosition: {x: -17.75, y: 5.13, z: -202.39}
  m_LocalScale: {x: 1, y: 1, z: 1}
  m_Children:
  - {fileID: 1888933780951264969}
  - {fileID: 8844676207439542289}
  - {fileID: 8756480736239197015}
  - {fileID: 4817305236959400529}
  m_Father: {fileID: 0}
  m_RootOrder: 0
  m_LocalEulerAnglesHint: {x: 0, y: 0, z: 0}
--- !u!1001 &5984925629460447444
PrefabInstance:
  m_ObjectHideFlags: 0
  serializedVersion: 2
  m_Modification:
    m_TransformParent: {fileID: 1135073330046304854}
    m_Modifications:
    - target: {fileID: 1284717422829834881, guid: a4f320b9c94262b418dbcf83016bddd2,
        type: 3}
      propertyPath: m_Name
      value: PlayerClassement (3)
      objectReference: {fileID: 0}
    - target: {fileID: 1284717422829834885, guid: a4f320b9c94262b418dbcf83016bddd2,
        type: 3}
      propertyPath: m_LocalPosition.x
      value: 4.27
      objectReference: {fileID: 0}
    - target: {fileID: 1284717422829834885, guid: a4f320b9c94262b418dbcf83016bddd2,
        type: 3}
      propertyPath: m_LocalPosition.y
      value: 7.45
      objectReference: {fileID: 0}
    - target: {fileID: 1284717422829834885, guid: a4f320b9c94262b418dbcf83016bddd2,
        type: 3}
      propertyPath: m_LocalPosition.z
      value: -4.3
      objectReference: {fileID: 0}
    - target: {fileID: 1284717422829834885, guid: a4f320b9c94262b418dbcf83016bddd2,
        type: 3}
      propertyPath: m_LocalRotation.x
      value: -0
      objectReference: {fileID: 0}
    - target: {fileID: 1284717422829834885, guid: a4f320b9c94262b418dbcf83016bddd2,
        type: 3}
      propertyPath: m_LocalRotation.y
      value: -0.9320423
      objectReference: {fileID: 0}
    - target: {fileID: 1284717422829834885, guid: a4f320b9c94262b418dbcf83016bddd2,
        type: 3}
      propertyPath: m_LocalRotation.z
      value: -0
      objectReference: {fileID: 0}
    - target: {fileID: 1284717422829834885, guid: a4f320b9c94262b418dbcf83016bddd2,
        type: 3}
      propertyPath: m_LocalRotation.w
      value: 0.36234948
      objectReference: {fileID: 0}
    - target: {fileID: 1284717422829834885, guid: a4f320b9c94262b418dbcf83016bddd2,
        type: 3}
      propertyPath: m_RootOrder
      value: 3
      objectReference: {fileID: 0}
    - target: {fileID: 1284717422829834885, guid: a4f320b9c94262b418dbcf83016bddd2,
        type: 3}
      propertyPath: m_LocalEulerAnglesHint.x
      value: 0
      objectReference: {fileID: 0}
    - target: {fileID: 1284717422829834885, guid: a4f320b9c94262b418dbcf83016bddd2,
        type: 3}
      propertyPath: m_LocalEulerAnglesHint.y
      value: -137.511
      objectReference: {fileID: 0}
    - target: {fileID: 1284717422829834885, guid: a4f320b9c94262b418dbcf83016bddd2,
        type: 3}
      propertyPath: m_LocalEulerAnglesHint.z
      value: 0
      objectReference: {fileID: 0}
    - target: {fileID: 1284717422829834885, guid: a4f320b9c94262b418dbcf83016bddd2,
        type: 3}
      propertyPath: m_LocalScale.x
      value: 6
      objectReference: {fileID: 0}
    - target: {fileID: 1284717422829834885, guid: a4f320b9c94262b418dbcf83016bddd2,
        type: 3}
      propertyPath: m_LocalScale.y
      value: 6
      objectReference: {fileID: 0}
    - target: {fileID: 1284717422829834885, guid: a4f320b9c94262b418dbcf83016bddd2,
        type: 3}
      propertyPath: m_LocalScale.z
      value: 6
      objectReference: {fileID: 0}
    - target: {fileID: 1858907524697885524, guid: a4f320b9c94262b418dbcf83016bddd2,
        type: 3}
      propertyPath: m_Sprite
      value: 
      objectReference: {fileID: 21300000, guid: 85f058bdd695a804285ccc3648173d43,
        type: 3}
    - target: {fileID: 1858907524697885524, guid: a4f320b9c94262b418dbcf83016bddd2,
        type: 3}
      propertyPath: m_WasSpriteAssigned
      value: 1
      objectReference: {fileID: 0}
    - target: {fileID: 7993432893094683533, guid: a4f320b9c94262b418dbcf83016bddd2,
        type: 3}
      propertyPath: m_Sprite
      value: 
      objectReference: {fileID: 21300000, guid: 3bcc66e34f1f3c34da36058a248d6a61,
        type: 3}
    - target: {fileID: 7993432893094683533, guid: a4f320b9c94262b418dbcf83016bddd2,
        type: 3}
      propertyPath: m_WasSpriteAssigned
      value: 1
      objectReference: {fileID: 0}
    - target: {fileID: 8978896443365962602, guid: a4f320b9c94262b418dbcf83016bddd2,
        type: 3}
      propertyPath: m_LocalRotation.x
      value: -0.03904711
      objectReference: {fileID: 0}
    - target: {fileID: 8978896443365962602, guid: a4f320b9c94262b418dbcf83016bddd2,
        type: 3}
      propertyPath: m_LocalRotation.y
      value: 0.15392728
      objectReference: {fileID: 0}
    - target: {fileID: 8978896443365962602, guid: a4f320b9c94262b418dbcf83016bddd2,
        type: 3}
      propertyPath: m_LocalRotation.z
      value: 0.006087782
      objectReference: {fileID: 0}
    - target: {fileID: 8978896443365962602, guid: a4f320b9c94262b418dbcf83016bddd2,
        type: 3}
      propertyPath: m_LocalRotation.w
      value: 0.9872916
      objectReference: {fileID: 0}
    - target: {fileID: 8978896443365962602, guid: a4f320b9c94262b418dbcf83016bddd2,
        type: 3}
      propertyPath: m_LocalEulerAnglesHint.x
      value: -4.53
      objectReference: {fileID: 0}
    - target: {fileID: 8978896443365962602, guid: a4f320b9c94262b418dbcf83016bddd2,
        type: 3}
      propertyPath: m_LocalEulerAnglesHint.y
      value: 17.723001
      objectReference: {fileID: 0}
    m_RemovedComponents: []
  m_SourcePrefab: {fileID: 100100000, guid: a4f320b9c94262b418dbcf83016bddd2, type: 3}
--- !u!4 &4817305236959400529 stripped
Transform:
  m_CorrespondingSourceObject: {fileID: 1284717422829834885, guid: a4f320b9c94262b418dbcf83016bddd2,
    type: 3}
  m_PrefabInstance: {fileID: 5984925629460447444}
  m_PrefabAsset: {fileID: 0}
--- !u!1001 &7516929327218395602
PrefabInstance:
  m_ObjectHideFlags: 0
  serializedVersion: 2
  m_Modification:
    m_TransformParent: {fileID: 1135073330046304854}
    m_Modifications:
    - target: {fileID: 1284717422829834881, guid: a4f320b9c94262b418dbcf83016bddd2,
        type: 3}
      propertyPath: m_Name
      value: PlayerClassement (2)
      objectReference: {fileID: 0}
    - target: {fileID: 1284717422829834885, guid: a4f320b9c94262b418dbcf83016bddd2,
        type: 3}
      propertyPath: m_LocalPosition.x
      value: -5.92
      objectReference: {fileID: 0}
    - target: {fileID: 1284717422829834885, guid: a4f320b9c94262b418dbcf83016bddd2,
        type: 3}
      propertyPath: m_LocalPosition.y
      value: 10.61
      objectReference: {fileID: 0}
    - target: {fileID: 1284717422829834885, guid: a4f320b9c94262b418dbcf83016bddd2,
        type: 3}
      propertyPath: m_LocalPosition.z
      value: 7.31
      objectReference: {fileID: 0}
    - target: {fileID: 1284717422829834885, guid: a4f320b9c94262b418dbcf83016bddd2,
        type: 3}
      propertyPath: m_LocalRotation.x
      value: -0
      objectReference: {fileID: 0}
    - target: {fileID: 1284717422829834885, guid: a4f320b9c94262b418dbcf83016bddd2,
        type: 3}
      propertyPath: m_LocalRotation.y
      value: -0.9193422
      objectReference: {fileID: 0}
    - target: {fileID: 1284717422829834885, guid: a4f320b9c94262b418dbcf83016bddd2,
        type: 3}
      propertyPath: m_LocalRotation.z
      value: -0
      objectReference: {fileID: 0}
    - target: {fileID: 1284717422829834885, guid: a4f320b9c94262b418dbcf83016bddd2,
        type: 3}
      propertyPath: m_LocalRotation.w
      value: 0.39345902
      objectReference: {fileID: 0}
    - target: {fileID: 1284717422829834885, guid: a4f320b9c94262b418dbcf83016bddd2,
        type: 3}
      propertyPath: m_RootOrder
      value: 2
      objectReference: {fileID: 0}
    - target: {fileID: 1284717422829834885, guid: a4f320b9c94262b418dbcf83016bddd2,
        type: 3}
      propertyPath: m_LocalEulerAnglesHint.x
      value: 0
      objectReference: {fileID: 0}
    - target: {fileID: 1284717422829834885, guid: a4f320b9c94262b418dbcf83016bddd2,
        type: 3}
      propertyPath: m_LocalEulerAnglesHint.y
      value: -133.66
      objectReference: {fileID: 0}
    - target: {fileID: 1284717422829834885, guid: a4f320b9c94262b418dbcf83016bddd2,
        type: 3}
      propertyPath: m_LocalEulerAnglesHint.z
      value: 0
      objectReference: {fileID: 0}
    - target: {fileID: 1858907524697885524, guid: a4f320b9c94262b418dbcf83016bddd2,
        type: 3}
      propertyPath: m_Sprite
      value: 
      objectReference: {fileID: 21300000, guid: 4f4c09791e90b7745b61181009db25a7,
        type: 3}
    - target: {fileID: 1858907524697885524, guid: a4f320b9c94262b418dbcf83016bddd2,
        type: 3}
      propertyPath: m_WasSpriteAssigned
      value: 1
      objectReference: {fileID: 0}
    - target: {fileID: 7993432893094683533, guid: a4f320b9c94262b418dbcf83016bddd2,
        type: 3}
      propertyPath: m_Sprite
      value: 
      objectReference: {fileID: 21300000, guid: 74cd79e031ab1c647bcc4697de623f25,
        type: 3}
    - target: {fileID: 7993432893094683533, guid: a4f320b9c94262b418dbcf83016bddd2,
        type: 3}
      propertyPath: m_WasSpriteAssigned
      value: 1
      objectReference: {fileID: 0}
    m_RemovedComponents: []
  m_SourcePrefab: {fileID: 100100000, guid: a4f320b9c94262b418dbcf83016bddd2, type: 3}
--- !u!4 &8756480736239197015 stripped
Transform:
  m_CorrespondingSourceObject: {fileID: 1284717422829834885, guid: a4f320b9c94262b418dbcf83016bddd2,
    type: 3}
  m_PrefabInstance: {fileID: 7516929327218395602}
  m_PrefabAsset: {fileID: 0}
--- !u!1001 &7722516395381440774
PrefabInstance:
  m_ObjectHideFlags: 0
  serializedVersion: 2
  m_Modification:
    m_TransformParent: {fileID: 1135073330046304854}
    m_Modifications:
    - target: {fileID: 4102804747032994745, guid: b97117e916df7e34fbe40e79093e8063,
        type: 3}
      propertyPath: m_Name
      value: Podium (1)
      objectReference: {fileID: 0}
    - target: {fileID: 4102804747032994745, guid: b97117e916df7e34fbe40e79093e8063,
        type: 3}
      propertyPath: m_IsActive
      value: 1
      objectReference: {fileID: 0}
    - target: {fileID: 8150729153235300303, guid: b97117e916df7e34fbe40e79093e8063,
        type: 3}
      propertyPath: m_LocalPosition.x
      value: -0.61
      objectReference: {fileID: 0}
    - target: {fileID: 8150729153235300303, guid: b97117e916df7e34fbe40e79093e8063,
        type: 3}
      propertyPath: m_LocalPosition.y
      value: -0.06
      objectReference: {fileID: 0}
    - target: {fileID: 8150729153235300303, guid: b97117e916df7e34fbe40e79093e8063,
        type: 3}
      propertyPath: m_LocalPosition.z
      value: 1.51
      objectReference: {fileID: 0}
    - target: {fileID: 8150729153235300303, guid: b97117e916df7e34fbe40e79093e8063,
        type: 3}
      propertyPath: m_LocalRotation.x
      value: -0
      objectReference: {fileID: 0}
    - target: {fileID: 8150729153235300303, guid: b97117e916df7e34fbe40e79093e8063,
        type: 3}
      propertyPath: m_LocalRotation.y
      value: 0.8714009
      objectReference: {fileID: 0}
    - target: {fileID: 8150729153235300303, guid: b97117e916df7e34fbe40e79093e8063,
        type: 3}
      propertyPath: m_LocalRotation.z
      value: -0
      objectReference: {fileID: 0}
    - target: {fileID: 8150729153235300303, guid: b97117e916df7e34fbe40e79093e8063,
        type: 3}
      propertyPath: m_LocalRotation.w
      value: -0.49057153
      objectReference: {fileID: 0}
    - target: {fileID: 8150729153235300303, guid: b97117e916df7e34fbe40e79093e8063,
        type: 3}
      propertyPath: m_RootOrder
      value: 0
      objectReference: {fileID: 0}
    - target: {fileID: 8150729153235300303, guid: b97117e916df7e34fbe40e79093e8063,
        type: 3}
      propertyPath: m_LocalEulerAnglesHint.x
      value: 0
      objectReference: {fileID: 0}
    - target: {fileID: 8150729153235300303, guid: b97117e916df7e34fbe40e79093e8063,
        type: 3}
      propertyPath: m_LocalEulerAnglesHint.y
      value: 238.756
      objectReference: {fileID: 0}
    - target: {fileID: 8150729153235300303, guid: b97117e916df7e34fbe40e79093e8063,
        type: 3}
      propertyPath: m_LocalEulerAnglesHint.z
      value: 0
      objectReference: {fileID: 0}
    - target: {fileID: 8150729153235300303, guid: b97117e916df7e34fbe40e79093e8063,
        type: 3}
      propertyPath: m_LocalScale.x
      value: 4
      objectReference: {fileID: 0}
    - target: {fileID: 8150729153235300303, guid: b97117e916df7e34fbe40e79093e8063,
        type: 3}
      propertyPath: m_LocalScale.y
      value: 4
      objectReference: {fileID: 0}
    - target: {fileID: 8150729153235300303, guid: b97117e916df7e34fbe40e79093e8063,
        type: 3}
      propertyPath: m_LocalScale.z
      value: 4
      objectReference: {fileID: 0}
    m_RemovedComponents: []
  m_SourcePrefab: {fileID: 100100000, guid: b97117e916df7e34fbe40e79093e8063, type: 3}
--- !u!4 &1888933780951264969 stripped
Transform:
  m_CorrespondingSourceObject: {fileID: 8150729153235300303, guid: b97117e916df7e34fbe40e79093e8063,
    type: 3}
  m_PrefabInstance: {fileID: 7722516395381440774}
  m_PrefabAsset: {fileID: 0}
--- !u!1001 &7740176576034073236
PrefabInstance:
  m_ObjectHideFlags: 0
  serializedVersion: 2
  m_Modification:
    m_TransformParent: {fileID: 1135073330046304854}
    m_Modifications:
    - target: {fileID: 1284717422829834881, guid: a4f320b9c94262b418dbcf83016bddd2,
        type: 3}
      propertyPath: m_Name
      value: PlayerClassement (1)
      objectReference: {fileID: 0}
    - target: {fileID: 1284717422829834885, guid: a4f320b9c94262b418dbcf83016bddd2,
        type: 3}
      propertyPath: m_LocalPosition.x
      value: -0.99
      objectReference: {fileID: 0}
    - target: {fileID: 1284717422829834885, guid: a4f320b9c94262b418dbcf83016bddd2,
        type: 3}
      propertyPath: m_LocalPosition.y
      value: 14.84
      objectReference: {fileID: 0}
    - target: {fileID: 1284717422829834885, guid: a4f320b9c94262b418dbcf83016bddd2,
        type: 3}
      propertyPath: m_LocalPosition.z
      value: 1.57
      objectReference: {fileID: 0}
    - target: {fileID: 1284717422829834885, guid: a4f320b9c94262b418dbcf83016bddd2,
        type: 3}
      propertyPath: m_LocalRotation.x
      value: 0.024543723
      objectReference: {fileID: 0}
    - target: {fileID: 1284717422829834885, guid: a4f320b9c94262b418dbcf83016bddd2,
        type: 3}
      propertyPath: m_LocalRotation.y
      value: -0.8859957
      objectReference: {fileID: 0}
    - target: {fileID: 1284717422829834885, guid: a4f320b9c94262b418dbcf83016bddd2,
        type: 3}
      propertyPath: m_LocalRotation.z
      value: 0.047208384
      objectReference: {fileID: 0}
    - target: {fileID: 1284717422829834885, guid: a4f320b9c94262b418dbcf83016bddd2,
        type: 3}
      propertyPath: m_LocalRotation.w
      value: 0.46063074
      objectReference: {fileID: 0}
    - target: {fileID: 1284717422829834885, guid: a4f320b9c94262b418dbcf83016bddd2,
        type: 3}
      propertyPath: m_RootOrder
      value: 1
      objectReference: {fileID: 0}
    - target: {fileID: 1284717422829834885, guid: a4f320b9c94262b418dbcf83016bddd2,
        type: 3}
      propertyPath: m_LocalEulerAnglesHint.x
      value: 6.1
      objectReference: {fileID: 0}
    - target: {fileID: 1284717422829834885, guid: a4f320b9c94262b418dbcf83016bddd2,
        type: 3}
      propertyPath: m_LocalEulerAnglesHint.y
      value: -125.06
      objectReference: {fileID: 0}
    - target: {fileID: 1284717422829834885, guid: a4f320b9c94262b418dbcf83016bddd2,
        type: 3}
      propertyPath: m_LocalEulerAnglesHint.z
      value: 0
      objectReference: {fileID: 0}
    - target: {fileID: 1284717422829834885, guid: a4f320b9c94262b418dbcf83016bddd2,
        type: 3}
      propertyPath: m_LocalScale.x
      value: 8
      objectReference: {fileID: 0}
    - target: {fileID: 1284717422829834885, guid: a4f320b9c94262b418dbcf83016bddd2,
        type: 3}
      propertyPath: m_LocalScale.y
      value: 8
      objectReference: {fileID: 0}
    - target: {fileID: 1284717422829834885, guid: a4f320b9c94262b418dbcf83016bddd2,
        type: 3}
      propertyPath: m_LocalScale.z
      value: 8
      objectReference: {fileID: 0}
    - target: {fileID: 1858907524697885524, guid: a4f320b9c94262b418dbcf83016bddd2,
        type: 3}
      propertyPath: m_Sprite
      value: 
      objectReference: {fileID: 21300000, guid: c2854672bd157bc4ea26c6c84fca457a,
        type: 3}
    - target: {fileID: 1858907524697885524, guid: a4f320b9c94262b418dbcf83016bddd2,
        type: 3}
      propertyPath: m_WasSpriteAssigned
      value: 1
      objectReference: {fileID: 0}
    - target: {fileID: 7993432893094683533, guid: a4f320b9c94262b418dbcf83016bddd2,
        type: 3}
      propertyPath: m_Sprite
      value: 
      objectReference: {fileID: 21300000, guid: 93764d858db058a43ad0bd360e378d92,
        type: 3}
    - target: {fileID: 7993432893094683533, guid: a4f320b9c94262b418dbcf83016bddd2,
        type: 3}
      propertyPath: m_WasSpriteAssigned
      value: 1
      objectReference: {fileID: 0}
    m_RemovedComponents: []
  m_SourcePrefab: {fileID: 100100000, guid: a4f320b9c94262b418dbcf83016bddd2, type: 3}
--- !u!4 &8844676207439542289 stripped
Transform:
  m_CorrespondingSourceObject: {fileID: 1284717422829834885, guid: a4f320b9c94262b418dbcf83016bddd2,
    type: 3}
  m_PrefabInstance: {fileID: 7740176576034073236}
  m_PrefabAsset: {fileID: 0}
