%YAML 1.1
%TAG !u! tag:unity3d.com,2011:
--- !u!1 &1850887027849453638
GameObject:
  m_ObjectHideFlags: 0
  m_CorrespondingSourceObject: {fileID: 0}
  m_PrefabInstance: {fileID: 0}
  m_PrefabAsset: {fileID: 0}
  serializedVersion: 6
  m_Component:
  - component: {fileID: 1850887027849453637}
  - component: {fileID: -3834513699947666002}
  - component: {fileID: 4622524549239124485}
  - component: {fileID: 7277568431498785453}
  - component: {fileID: -6213638055501500433}
  m_Layer: 11
  m_Name: DoublePinVert
  m_TagString: DestructibleObstacle
  m_Icon: {fileID: 0}
  m_NavMeshLayer: 0
  m_StaticEditorFlags: 0
  m_IsActive: 1
--- !u!4 &1850887027849453637
Transform:
  m_ObjectHideFlags: 0
  m_CorrespondingSourceObject: {fileID: 0}
  m_PrefabInstance: {fileID: 0}
  m_PrefabAsset: {fileID: 0}
  m_GameObject: {fileID: 1850887027849453638}
  m_LocalRotation: {x: 0, y: 0, z: 0, w: 1}
  m_LocalPosition: {x: 0, y: 0, z: 0}
  m_LocalScale: {x: 1, y: 1, z: 1}
  m_Children:
  - {fileID: 2172162802147031976}
  - {fileID: 1038368403436637361}
  m_Father: {fileID: 0}
  m_RootOrder: 0
  m_LocalEulerAnglesHint: {x: 0, y: 0, z: 0}
--- !u!114 &-3834513699947666002
MonoBehaviour:
  m_ObjectHideFlags: 0
  m_CorrespondingSourceObject: {fileID: 0}
  m_PrefabInstance: {fileID: 0}
  m_PrefabAsset: {fileID: 0}
  m_GameObject: {fileID: 1850887027849453638}
  m_Enabled: 1
  m_EditorHideFlags: 0
  m_Script: {fileID: 11500000, guid: a8e642bc047967b49b9d04d94ddf045a, type: 3}
  m_Name: 
  m_EditorClassIdentifier: 
  isATree: 1
  isAStalactite: 0
  isFlying: 0
--- !u!54 &4622524549239124485
Rigidbody:
  m_ObjectHideFlags: 0
  m_CorrespondingSourceObject: {fileID: 0}
  m_PrefabInstance: {fileID: 0}
  m_PrefabAsset: {fileID: 0}
  m_GameObject: {fileID: 1850887027849453638}
  serializedVersion: 2
  m_Mass: 1
  m_Drag: 0
  m_AngularDrag: 0.05
  m_UseGravity: 1
  m_IsKinematic: 1
  m_Interpolate: 0
  m_Constraints: 0
  m_CollisionDetection: 0
--- !u!205 &7277568431498785453
LODGroup:
  m_ObjectHideFlags: 0
  m_CorrespondingSourceObject: {fileID: 0}
  m_PrefabInstance: {fileID: 0}
  m_PrefabAsset: {fileID: 0}
  m_GameObject: {fileID: 1850887027849453638}
  serializedVersion: 2
  m_LocalReferencePoint: {x: 0.09015322, y: -0.042681217, z: -12.515713}
  m_Size: 35.570805
  m_FadeMode: 0
  m_AnimateCrossFading: 0
  m_LastLODIsBillboard: 0
  m_LODs:
  - screenRelativeHeight: 0.02739849
    fadeTransitionWidth: 0
    renderers:
    - renderer: {fileID: 2585536164582758615}
  - screenRelativeHeight: 0.0143943755
    fadeTransitionWidth: 0
    renderers:
    - renderer: {fileID: 7098026506541198397}
  - screenRelativeHeight: 0.004764746
    fadeTransitionWidth: 0
    renderers:
    - renderer: {fileID: 3651009843912602722}
  m_Enabled: 1
--- !u!114 &-6213638055501500433
MonoBehaviour:
  m_ObjectHideFlags: 0
  m_CorrespondingSourceObject: {fileID: 0}
  m_PrefabInstance: {fileID: 0}
  m_PrefabAsset: {fileID: 0}
  m_GameObject: {fileID: 1850887027849453638}
  m_Enabled: 1
  m_EditorHideFlags: 0
  m_Script: {fileID: 11500000, guid: 0b618a267d58bbd44b0e19612353bc46, type: 3}
  m_Name: 
  m_EditorClassIdentifier: 
  goVfxLossSnow: {fileID: 4200630538071920451, guid: a60ca1ae9a0f88f4a9161e090f9ae548,
    type: 3}
  goVfxLossChalet: {fileID: 0}
  goVfxFire: {fileID: 5133480890596499785, guid: 226fc5cbf735abd419e597f20358bb96,
    type: 3}
  timeToLoss: 1
  timeToFire: 3
  randomTimeFire: 1
  isSnowed: 0
  isTree: 1
  isBush: 0
  isChalet: 0
  allMeshesToDissolve:
  - objectToDissolve: {fileID: 1300592451959724516}
    mat:
    - {fileID: 2100000, guid: ee87b763f1100f94681206025287c448, type: 2}
    - {fileID: 2100000, guid: 277eee16b0ea50b46a6d2697e82412ba, type: 2}
    desactivateCollider: 1
    rend: {fileID: 0}
  - objectToDissolve: {fileID: 1505042494531606177}
    mat:
    - {fileID: 2100000, guid: ee87b763f1100f94681206025287c448, type: 2}
    - {fileID: 2100000, guid: 277eee16b0ea50b46a6d2697e82412ba, type: 2}
    desactivateCollider: 1
    rend: {fileID: 0}
  - objectToDissolve: {fileID: 713950744796148504}
    mat:
    - {fileID: 2100000, guid: ee87b763f1100f94681206025287c448, type: 2}
    - {fileID: 2100000, guid: 277eee16b0ea50b46a6d2697e82412ba, type: 2}
    desactivateCollider: 1
    rend: {fileID: 0}
  speedToDissolve: 0.2
--- !u!1 &2477164184742736640
GameObject:
  m_ObjectHideFlags: 0
  m_CorrespondingSourceObject: {fileID: 0}
  m_PrefabInstance: {fileID: 0}
  m_PrefabAsset: {fileID: 0}
  serializedVersion: 6
  m_Component:
  - component: {fileID: 1038368403436637361}
  - component: {fileID: 2283036008214145249}
  m_Layer: 10
  m_Name: ColliderTrigger
  m_TagString: DestructibleObstacle
  m_Icon: {fileID: 0}
  m_NavMeshLayer: 0
  m_StaticEditorFlags: 0
  m_IsActive: 1
--- !u!4 &1038368403436637361
Transform:
  m_ObjectHideFlags: 0
  m_CorrespondingSourceObject: {fileID: 0}
  m_PrefabInstance: {fileID: 0}
  m_PrefabAsset: {fileID: 0}
  m_GameObject: {fileID: 2477164184742736640}
  m_LocalRotation: {x: -0.7071067, y: -0.000000030908616, z: 0.000000030908623, w: 0.7071068}
  m_LocalPosition: {x: 0, y: 0, z: 0}
  m_LocalScale: {x: 100, y: 100, z: 100}
  m_Children: []
  m_Father: {fileID: 1850887027849453637}
  m_RootOrder: 1
  m_LocalEulerAnglesHint: {x: 0, y: 0, z: 0}
--- !u!64 &2283036008214145249
MeshCollider:
  m_ObjectHideFlags: 0
  m_CorrespondingSourceObject: {fileID: 0}
  m_PrefabInstance: {fileID: 0}
  m_PrefabAsset: {fileID: 0}
  m_GameObject: {fileID: 2477164184742736640}
  m_Material: {fileID: 0}
  m_IsTrigger: 1
  m_Enabled: 1
  serializedVersion: 4
  m_Convex: 1
  m_CookingOptions: 30
  m_Mesh: {fileID: 4478358964382796694, guid: 803cadd0723a3c74c82917bdb747611d, type: 3}
--- !u!1001 &1850887028396727363
PrefabInstance:
  m_ObjectHideFlags: 0
  serializedVersion: 2
  m_Modification:
    m_TransformParent: {fileID: 1850887027849453637}
    m_Modifications:
    - target: {fileID: -8679921383154817045, guid: 803cadd0723a3c74c82917bdb747611d,
        type: 3}
      propertyPath: m_LocalPosition.x
      value: 0
      objectReference: {fileID: 0}
    - target: {fileID: -8679921383154817045, guid: 803cadd0723a3c74c82917bdb747611d,
        type: 3}
      propertyPath: m_LocalPosition.y
      value: 0
      objectReference: {fileID: 0}
    - target: {fileID: -8679921383154817045, guid: 803cadd0723a3c74c82917bdb747611d,
        type: 3}
      propertyPath: m_LocalPosition.z
      value: 0
      objectReference: {fileID: 0}
    - target: {fileID: -8679921383154817045, guid: 803cadd0723a3c74c82917bdb747611d,
        type: 3}
      propertyPath: m_LocalRotation.x
      value: 0
      objectReference: {fileID: 0}
    - target: {fileID: -8679921383154817045, guid: 803cadd0723a3c74c82917bdb747611d,
        type: 3}
      propertyPath: m_LocalRotation.y
      value: 0
      objectReference: {fileID: 0}
    - target: {fileID: -8679921383154817045, guid: 803cadd0723a3c74c82917bdb747611d,
        type: 3}
      propertyPath: m_LocalRotation.z
      value: 0
      objectReference: {fileID: 0}
    - target: {fileID: -8679921383154817045, guid: 803cadd0723a3c74c82917bdb747611d,
        type: 3}
      propertyPath: m_LocalRotation.w
      value: 1
      objectReference: {fileID: 0}
    - target: {fileID: -8679921383154817045, guid: 803cadd0723a3c74c82917bdb747611d,
        type: 3}
      propertyPath: m_RootOrder
      value: 0
      objectReference: {fileID: 0}
    - target: {fileID: -8679921383154817045, guid: 803cadd0723a3c74c82917bdb747611d,
        type: 3}
      propertyPath: m_LocalEulerAnglesHint.x
      value: 0
      objectReference: {fileID: 0}
    - target: {fileID: -8679921383154817045, guid: 803cadd0723a3c74c82917bdb747611d,
        type: 3}
      propertyPath: m_LocalEulerAnglesHint.y
      value: 0
      objectReference: {fileID: 0}
    - target: {fileID: -8679921383154817045, guid: 803cadd0723a3c74c82917bdb747611d,
        type: 3}
      propertyPath: m_LocalEulerAnglesHint.z
      value: 0
      objectReference: {fileID: 0}
    - target: {fileID: -8384847070574803545, guid: 803cadd0723a3c74c82917bdb747611d,
        type: 3}
      propertyPath: m_TagString
      value: DestructibleObstacle
      objectReference: {fileID: 0}
    - target: {fileID: -8384847070574803545, guid: 803cadd0723a3c74c82917bdb747611d,
        type: 3}
      propertyPath: m_Layer
      value: 9
      objectReference: {fileID: 0}
    - target: {fileID: -8264853127533196574, guid: 803cadd0723a3c74c82917bdb747611d,
        type: 3}
      propertyPath: m_TagString
      value: DestructibleObstacle
      objectReference: {fileID: 0}
    - target: {fileID: -8264853127533196574, guid: 803cadd0723a3c74c82917bdb747611d,
        type: 3}
      propertyPath: m_Layer
      value: 9
      objectReference: {fileID: 0}
    - target: {fileID: -8050222158287982757, guid: 803cadd0723a3c74c82917bdb747611d,
        type: 3}
      propertyPath: m_TagString
      value: DestructibleObstacle
      objectReference: {fileID: 0}
    - target: {fileID: -8050222158287982757, guid: 803cadd0723a3c74c82917bdb747611d,
        type: 3}
      propertyPath: m_Layer
      value: 9
      objectReference: {fileID: 0}
    - target: {fileID: -7511558181221131132, guid: 803cadd0723a3c74c82917bdb747611d,
        type: 3}
      propertyPath: m_Materials.Array.data[0]
      value: 
      objectReference: {fileID: 2100000, guid: 14e2a22efb78a2747bf4b9a2d511022e, type: 2}
    - target: {fileID: 919132149155446097, guid: 803cadd0723a3c74c82917bdb747611d,
        type: 3}
      propertyPath: m_Name
      value: DoublePinVert
      objectReference: {fileID: 0}
    - target: {fileID: 919132149155446097, guid: 803cadd0723a3c74c82917bdb747611d,
        type: 3}
      propertyPath: m_TagString
      value: DestructibleObstacle
      objectReference: {fileID: 0}
    - target: {fileID: 919132149155446097, guid: 803cadd0723a3c74c82917bdb747611d,
        type: 3}
      propertyPath: m_Layer
      value: 9
      objectReference: {fileID: 0}
    - target: {fileID: 3451118302482216456, guid: 803cadd0723a3c74c82917bdb747611d,
        type: 3}
      propertyPath: m_IsTrigger
      value: 0
      objectReference: {fileID: 0}
    - target: {fileID: 3451118302482216456, guid: 803cadd0723a3c74c82917bdb747611d,
        type: 3}
      propertyPath: m_Convex
      value: 0
      objectReference: {fileID: 0}
    m_RemovedComponents: []
  m_SourcePrefab: {fileID: 100100000, guid: 803cadd0723a3c74c82917bdb747611d, type: 3}
--- !u!4 &2172162802147031976 stripped
Transform:
  m_CorrespondingSourceObject: {fileID: -8679921383154817045, guid: 803cadd0723a3c74c82917bdb747611d,
    type: 3}
  m_PrefabInstance: {fileID: 1850887028396727363}
  m_PrefabAsset: {fileID: 0}
--- !u!1 &1300592451959724516 stripped
GameObject:
  m_CorrespondingSourceObject: {fileID: -8384847070574803545, guid: 803cadd0723a3c74c82917bdb747611d,
    type: 3}
  m_PrefabInstance: {fileID: 1850887028396727363}
  m_PrefabAsset: {fileID: 0}
--- !u!23 &2585536164582758615 stripped
MeshRenderer:
  m_CorrespondingSourceObject: {fileID: 4201296066183070868, guid: 803cadd0723a3c74c82917bdb747611d,
    type: 3}
  m_PrefabInstance: {fileID: 1850887028396727363}
  m_PrefabAsset: {fileID: 0}
--- !u!1 &1505042494531606177 stripped
GameObject:
  m_CorrespondingSourceObject: {fileID: -8264853127533196574, guid: 803cadd0723a3c74c82917bdb747611d,
    type: 3}
  m_PrefabInstance: {fileID: 1850887028396727363}
  m_PrefabAsset: {fileID: 0}
--- !u!23 &7098026506541198397 stripped
MeshRenderer:
  m_CorrespondingSourceObject: {fileID: -347082345540030338, guid: 803cadd0723a3c74c82917bdb747611d,
    type: 3}
  m_PrefabInstance: {fileID: 1850887028396727363}
  m_PrefabAsset: {fileID: 0}
--- !u!1 &713950744796148504 stripped
GameObject:
  m_CorrespondingSourceObject: {fileID: -8050222158287982757, guid: 803cadd0723a3c74c82917bdb747611d,
    type: 3}
  m_PrefabInstance: {fileID: 1850887028396727363}
  m_PrefabAsset: {fileID: 0}
--- !u!23 &3651009843912602722 stripped
MeshRenderer:
  m_CorrespondingSourceObject: {fileID: -6123393655514699743, guid: 803cadd0723a3c74c82917bdb747611d,
    type: 3}
  m_PrefabInstance: {fileID: 1850887028396727363}
  m_PrefabAsset: {fileID: 0}
