%YAML 1.1
%TAG !u! tag:unity3d.com,2011:
--- !u!1 &751964492695544151
GameObject:
  m_ObjectHideFlags: 0
  m_CorrespondingSourceObject: {fileID: 0}
  m_PrefabInstance: {fileID: 0}
  m_PrefabAsset: {fileID: 0}
  serializedVersion: 6
  m_Component:
  - component: {fileID: 7813095079297787367}
  - component: {fileID: 5431784943220410882}
  m_Layer: 10
  m_Name: ColliderTrigger
  m_TagString: DestructibleObstacle
  m_Icon: {fileID: 0}
  m_NavMeshLayer: 0
  m_StaticEditorFlags: 0
  m_IsActive: 1
--- !u!4 &7813095079297787367
Transform:
  m_ObjectHideFlags: 0
  m_CorrespondingSourceObject: {fileID: 0}
  m_PrefabInstance: {fileID: 0}
  m_PrefabAsset: {fileID: 0}
  m_GameObject: {fileID: 751964492695544151}
  m_LocalRotation: {x: -0.7071067, y: -0.000000030908616, z: 0.000000030908623, w: 0.7071068}
  m_LocalPosition: {x: 0, y: 0, z: 0}
  m_LocalScale: {x: 100, y: 100, z: 100}
  m_Children: []
  m_Father: {fileID: 18338932591203192}
  m_RootOrder: 1
  m_LocalEulerAnglesHint: {x: 0, y: 0, z: 0}
--- !u!64 &5431784943220410882
MeshCollider:
  m_ObjectHideFlags: 0
  m_CorrespondingSourceObject: {fileID: 0}
  m_PrefabInstance: {fileID: 0}
  m_PrefabAsset: {fileID: 0}
  m_GameObject: {fileID: 751964492695544151}
  m_Material: {fileID: 0}
  m_IsTrigger: 1
  m_Enabled: 1
  serializedVersion: 4
  m_Convex: 1
  m_CookingOptions: 30
  m_Mesh: {fileID: -3760525276208417642, guid: 30ab875993c30f840b31465c22cd943a, type: 3}
--- !u!1 &2327683496535049096
GameObject:
  m_ObjectHideFlags: 0
  m_CorrespondingSourceObject: {fileID: 0}
  m_PrefabInstance: {fileID: 0}
  m_PrefabAsset: {fileID: 0}
  serializedVersion: 6
  m_Component:
  - component: {fileID: 18338932591203192}
  - component: {fileID: 8834180571178228602}
  - component: {fileID: 817216038487313324}
  - component: {fileID: 119522311}
  - component: {fileID: -6138298001209373049}
  m_Layer: 11
  m_Name: PinNeige
  m_TagString: DestructibleObstacle
  m_Icon: {fileID: 0}
  m_NavMeshLayer: 0
  m_StaticEditorFlags: 0
  m_IsActive: 1
--- !u!4 &18338932591203192
Transform:
  m_ObjectHideFlags: 0
  m_CorrespondingSourceObject: {fileID: 0}
  m_PrefabInstance: {fileID: 0}
  m_PrefabAsset: {fileID: 0}
  m_GameObject: {fileID: 2327683496535049096}
  m_LocalRotation: {x: 0, y: 0, z: 0, w: 1}
  m_LocalPosition: {x: 0, y: 0, z: 0}
  m_LocalScale: {x: 1, y: 1, z: 1}
  m_Children:
  - {fileID: 5312814451439860002}
  - {fileID: 7813095079297787367}
  m_Father: {fileID: 0}
  m_RootOrder: 0
  m_LocalEulerAnglesHint: {x: 0, y: 0, z: 0}
--- !u!114 &8834180571178228602
MonoBehaviour:
  m_ObjectHideFlags: 0
  m_CorrespondingSourceObject: {fileID: 0}
  m_PrefabInstance: {fileID: 0}
  m_PrefabAsset: {fileID: 0}
  m_GameObject: {fileID: 2327683496535049096}
  m_Enabled: 1
  m_EditorHideFlags: 0
  m_Script: {fileID: 11500000, guid: a8e642bc047967b49b9d04d94ddf045a, type: 3}
  m_Name: 
  m_EditorClassIdentifier: 
  isATree: 1
  isAStalactite: 0
  isFlying: 0
--- !u!54 &817216038487313324
Rigidbody:
  m_ObjectHideFlags: 0
  m_CorrespondingSourceObject: {fileID: 0}
  m_PrefabInstance: {fileID: 0}
  m_PrefabAsset: {fileID: 0}
  m_GameObject: {fileID: 2327683496535049096}
  serializedVersion: 2
  m_Mass: 1
  m_Drag: 0
  m_AngularDrag: 0.05
  m_UseGravity: 1
  m_IsKinematic: 1
  m_Interpolate: 0
  m_Constraints: 0
  m_CollisionDetection: 0
--- !u!205 &119522311
LODGroup:
  m_ObjectHideFlags: 0
  m_CorrespondingSourceObject: {fileID: 0}
  m_PrefabInstance: {fileID: 0}
  m_PrefabAsset: {fileID: 0}
  m_GameObject: {fileID: 2327683496535049096}
  serializedVersion: 2
  m_LocalReferencePoint: {x: 0.021177292, y: 12.429994, z: 0.0000019073486}
  m_Size: 35.76172
  m_FadeMode: 0
  m_AnimateCrossFading: 0
  m_LastLODIsBillboard: 0
  m_LODs:
  - screenRelativeHeight: 0.033982854
    fadeTransitionWidth: 0
    renderers:
    - renderer: {fileID: 4463498649908621417}
  - screenRelativeHeight: 0.014857339
    fadeTransitionWidth: 0
    renderers:
    - renderer: {fileID: 5189260380765600668}
  - screenRelativeHeight: 0.0044869683
    fadeTransitionWidth: 0
    renderers:
    - renderer: {fileID: 6312090036569309611}
  m_Enabled: 1
--- !u!114 &-6138298001209373049
MonoBehaviour:
  m_ObjectHideFlags: 0
  m_CorrespondingSourceObject: {fileID: 0}
  m_PrefabInstance: {fileID: 0}
  m_PrefabAsset: {fileID: 0}
  m_GameObject: {fileID: 2327683496535049096}
  m_Enabled: 1
  m_EditorHideFlags: 0
  m_Script: {fileID: 11500000, guid: 0b618a267d58bbd44b0e19612353bc46, type: 3}
  m_Name: 
  m_EditorClassIdentifier: 
  goVfxLossSnow: {fileID: 4200630538071920451, guid: a60ca1ae9a0f88f4a9161e090f9ae548,
    type: 3}
  goVfxLossChalet: {fileID: 0}
  goVfxFire: {fileID: 5133480890596499785, guid: 226fc5cbf735abd419e597f20358bb96,
    type: 3}
  timeToLoss: 1
  timeToFire: 3
  randomTimeFire: 1
  isSnowed: 1
  isTree: 1
  isBush: 0
  isChalet: 0
  allMeshesToDissolve:
  - objectToDissolve: {fileID: 9170301604463220592}
    mat:
    - {fileID: 2100000, guid: c77649870e3cdc7488c4d4f79dca1685, type: 2}
    - {fileID: 2100000, guid: 277eee16b0ea50b46a6d2697e82412ba, type: 2}
    desactivateCollider: 1
    rend: {fileID: 0}
  - objectToDissolve: {fileID: 8064628511317964645}
    mat:
    - {fileID: 2100000, guid: c77649870e3cdc7488c4d4f79dca1685, type: 2}
    - {fileID: 2100000, guid: 277eee16b0ea50b46a6d2697e82412ba, type: 2}
    desactivateCollider: 1
    rend: {fileID: 0}
  - objectToDissolve: {fileID: 2707656071958231709}
    mat:
    - {fileID: 2100000, guid: c77649870e3cdc7488c4d4f79dca1685, type: 2}
    - {fileID: 2100000, guid: 277eee16b0ea50b46a6d2697e82412ba, type: 2}
    desactivateCollider: 1
    rend: {fileID: 0}
  speedToDissolve: 0.2
--- !u!1001 &5634093178519756489
PrefabInstance:
  m_ObjectHideFlags: 0
  serializedVersion: 2
  m_Modification:
    m_TransformParent: {fileID: 18338932591203192}
    m_Modifications:
    - target: {fileID: -8679921383154817045, guid: 30ab875993c30f840b31465c22cd943a,
        type: 3}
      propertyPath: m_LocalPosition.x
      value: 0
      objectReference: {fileID: 0}
    - target: {fileID: -8679921383154817045, guid: 30ab875993c30f840b31465c22cd943a,
        type: 3}
      propertyPath: m_LocalPosition.y
      value: 0
      objectReference: {fileID: 0}
    - target: {fileID: -8679921383154817045, guid: 30ab875993c30f840b31465c22cd943a,
        type: 3}
      propertyPath: m_LocalPosition.z
      value: 0
      objectReference: {fileID: 0}
    - target: {fileID: -8679921383154817045, guid: 30ab875993c30f840b31465c22cd943a,
        type: 3}
      propertyPath: m_LocalRotation.x
      value: 0
      objectReference: {fileID: 0}
    - target: {fileID: -8679921383154817045, guid: 30ab875993c30f840b31465c22cd943a,
        type: 3}
      propertyPath: m_LocalRotation.y
      value: 0
      objectReference: {fileID: 0}
    - target: {fileID: -8679921383154817045, guid: 30ab875993c30f840b31465c22cd943a,
        type: 3}
      propertyPath: m_LocalRotation.z
      value: 0
      objectReference: {fileID: 0}
    - target: {fileID: -8679921383154817045, guid: 30ab875993c30f840b31465c22cd943a,
        type: 3}
      propertyPath: m_LocalRotation.w
      value: 1
      objectReference: {fileID: 0}
    - target: {fileID: -8679921383154817045, guid: 30ab875993c30f840b31465c22cd943a,
        type: 3}
      propertyPath: m_RootOrder
      value: 0
      objectReference: {fileID: 0}
    - target: {fileID: -8679921383154817045, guid: 30ab875993c30f840b31465c22cd943a,
        type: 3}
      propertyPath: m_LocalEulerAnglesHint.x
      value: 0
      objectReference: {fileID: 0}
    - target: {fileID: -8679921383154817045, guid: 30ab875993c30f840b31465c22cd943a,
        type: 3}
      propertyPath: m_LocalEulerAnglesHint.y
      value: 0
      objectReference: {fileID: 0}
    - target: {fileID: -8679921383154817045, guid: 30ab875993c30f840b31465c22cd943a,
        type: 3}
      propertyPath: m_LocalEulerAnglesHint.z
      value: 0
      objectReference: {fileID: 0}
    - target: {fileID: -7735277823056743977, guid: 30ab875993c30f840b31465c22cd943a,
        type: 3}
      propertyPath: m_RootOrder
      value: 0
      objectReference: {fileID: 0}
    - target: {fileID: -7511558181221131132, guid: 30ab875993c30f840b31465c22cd943a,
        type: 3}
      propertyPath: m_Materials.Array.data[1]
      value: 
      objectReference: {fileID: 2100000, guid: f75f6474e18459246833eafb0965c9cd, type: 2}
    - target: {fileID: -6783827304670352980, guid: 30ab875993c30f840b31465c22cd943a,
        type: 3}
      propertyPath: m_Layer
      value: 9
      objectReference: {fileID: 0}
    - target: {fileID: -6783827304670352980, guid: 30ab875993c30f840b31465c22cd943a,
        type: 3}
      propertyPath: m_TagString
      value: DestructibleObstacle
      objectReference: {fileID: 0}
    - target: {fileID: -6666952938081056208, guid: 30ab875993c30f840b31465c22cd943a,
        type: 3}
      propertyPath: m_RootOrder
      value: 1
      objectReference: {fileID: 0}
    - target: {fileID: 919132149155446097, guid: 30ab875993c30f840b31465c22cd943a,
        type: 3}
      propertyPath: m_Name
      value: PinNeige
      objectReference: {fileID: 0}
    - target: {fileID: 919132149155446097, guid: 30ab875993c30f840b31465c22cd943a,
        type: 3}
      propertyPath: m_TagString
      value: DestructibleObstacle
      objectReference: {fileID: 0}
    - target: {fileID: 919132149155446097, guid: 30ab875993c30f840b31465c22cd943a,
        type: 3}
      propertyPath: m_Layer
      value: 9
      objectReference: {fileID: 0}
    - target: {fileID: 3451118302482216456, guid: 30ab875993c30f840b31465c22cd943a,
        type: 3}
      propertyPath: m_IsTrigger
      value: 0
      objectReference: {fileID: 0}
    - target: {fileID: 3451118302482216456, guid: 30ab875993c30f840b31465c22cd943a,
        type: 3}
      propertyPath: m_Convex
      value: 0
      objectReference: {fileID: 0}
    - target: {fileID: 3563232808189462969, guid: 30ab875993c30f840b31465c22cd943a,
        type: 3}
      propertyPath: m_Layer
      value: 9
      objectReference: {fileID: 0}
    - target: {fileID: 3563232808189462969, guid: 30ab875993c30f840b31465c22cd943a,
        type: 3}
      propertyPath: m_TagString
      value: DestructibleObstacle
      objectReference: {fileID: 0}
    - target: {fileID: 3633258711935439362, guid: 30ab875993c30f840b31465c22cd943a,
        type: 3}
      propertyPath: m_RootOrder
      value: 2
      objectReference: {fileID: 0}
    - target: {fileID: 7756279649648305236, guid: 30ab875993c30f840b31465c22cd943a,
        type: 3}
      propertyPath: m_Layer
      value: 9
      objectReference: {fileID: 0}
    - target: {fileID: 7756279649648305236, guid: 30ab875993c30f840b31465c22cd943a,
        type: 3}
      propertyPath: m_TagString
      value: DestructibleObstacle
      objectReference: {fileID: 0}
    m_RemovedComponents: []
  m_SourcePrefab: {fileID: 100100000, guid: 30ab875993c30f840b31465c22cd943a, type: 3}
--- !u!4 &5312814451439860002 stripped
Transform:
  m_CorrespondingSourceObject: {fileID: -8679921383154817045, guid: 30ab875993c30f840b31465c22cd943a,
    type: 3}
  m_PrefabInstance: {fileID: 5634093178519756489}
  m_PrefabAsset: {fileID: 0}
--- !u!1 &8064628511317964645 stripped
GameObject:
  m_CorrespondingSourceObject: {fileID: -6783827304670352980, guid: 30ab875993c30f840b31465c22cd943a,
    type: 3}
  m_PrefabInstance: {fileID: 5634093178519756489}
  m_PrefabAsset: {fileID: 0}
--- !u!23 &5189260380765600668 stripped
MeshRenderer:
  m_CorrespondingSourceObject: {fileID: -8776489590428687019, guid: 30ab875993c30f840b31465c22cd943a,
    type: 3}
  m_PrefabInstance: {fileID: 5634093178519756489}
  m_PrefabAsset: {fileID: 0}
--- !u!1 &2707656071958231709 stripped
GameObject:
  m_CorrespondingSourceObject: {fileID: 7756279649648305236, guid: 30ab875993c30f840b31465c22cd943a,
    type: 3}
  m_PrefabInstance: {fileID: 5634093178519756489}
  m_PrefabAsset: {fileID: 0}
--- !u!23 &6312090036569309611 stripped
MeshRenderer:
  m_CorrespondingSourceObject: {fileID: -7374260011001700510, guid: 30ab875993c30f840b31465c22cd943a,
    type: 3}
  m_PrefabInstance: {fileID: 5634093178519756489}
  m_PrefabAsset: {fileID: 0}
--- !u!1 &9170301604463220592 stripped
GameObject:
  m_CorrespondingSourceObject: {fileID: 3563232808189462969, guid: 30ab875993c30f840b31465c22cd943a,
    type: 3}
  m_PrefabInstance: {fileID: 5634093178519756489}
  m_PrefabAsset: {fileID: 0}
--- !u!23 &4463498649908621417 stripped
MeshRenderer:
  m_CorrespondingSourceObject: {fileID: 8341187380742598304, guid: 30ab875993c30f840b31465c22cd943a,
    type: 3}
  m_PrefabInstance: {fileID: 5634093178519756489}
  m_PrefabAsset: {fileID: 0}
