%YAML 1.1
%TAG !u! tag:unity3d.com,2011:
--- !u!1 &2219935556132796876
GameObject:
  m_ObjectHideFlags: 0
  m_CorrespondingSourceObject: {fileID: 0}
  m_PrefabInstance: {fileID: 0}
  m_PrefabAsset: {fileID: 0}
  serializedVersion: 6
  m_Component:
  - component: {fileID: 5308685737739789639}
  - component: {fileID: -2988703692498575744}
  - component: {fileID: 1546220103310382125}
  - component: {fileID: 680569690}
  - component: {fileID: -1824304420749577740}
  m_Layer: 11
  m_Name: PinVert
  m_TagString: DestructibleObstacle
  m_Icon: {fileID: 0}
  m_NavMeshLayer: 0
  m_StaticEditorFlags: 0
  m_IsActive: 1
--- !u!4 &5308685737739789639
Transform:
  m_ObjectHideFlags: 0
  m_CorrespondingSourceObject: {fileID: 0}
  m_PrefabInstance: {fileID: 0}
  m_PrefabAsset: {fileID: 0}
  m_GameObject: {fileID: 2219935556132796876}
  m_LocalRotation: {x: 0, y: 0, z: 0, w: 1}
  m_LocalPosition: {x: 0, y: 0, z: 0}
  m_LocalScale: {x: 1, y: 1, z: 1}
  m_Children:
  - {fileID: 8396959126648604479}
  - {fileID: 403045967834394414}
  m_Father: {fileID: 0}
  m_RootOrder: 0
  m_LocalEulerAnglesHint: {x: 0, y: 0, z: 0}
--- !u!114 &-2988703692498575744
MonoBehaviour:
  m_ObjectHideFlags: 0
  m_CorrespondingSourceObject: {fileID: 0}
  m_PrefabInstance: {fileID: 0}
  m_PrefabAsset: {fileID: 0}
  m_GameObject: {fileID: 2219935556132796876}
  m_Enabled: 1
  m_EditorHideFlags: 0
  m_Script: {fileID: 11500000, guid: a8e642bc047967b49b9d04d94ddf045a, type: 3}
  m_Name: 
  m_EditorClassIdentifier: 
  isATree: 1
  isAStalactite: 0
  isFlying: 0
--- !u!54 &1546220103310382125
Rigidbody:
  m_ObjectHideFlags: 0
  m_CorrespondingSourceObject: {fileID: 0}
  m_PrefabInstance: {fileID: 0}
  m_PrefabAsset: {fileID: 0}
  m_GameObject: {fileID: 2219935556132796876}
  serializedVersion: 2
  m_Mass: 1
  m_Drag: 0
  m_AngularDrag: 0.05
  m_UseGravity: 1
  m_IsKinematic: 1
  m_Interpolate: 0
  m_Constraints: 0
  m_CollisionDetection: 0
--- !u!205 &680569690
LODGroup:
  m_ObjectHideFlags: 0
  m_CorrespondingSourceObject: {fileID: 0}
  m_PrefabInstance: {fileID: 0}
  m_PrefabAsset: {fileID: 0}
  m_GameObject: {fileID: 2219935556132796876}
  serializedVersion: 2
  m_LocalReferencePoint: {x: 0.021177292, y: 12.429994, z: 0.0000019073486}
  m_Size: 35.76172
  m_FadeMode: 0
  m_AnimateCrossFading: 0
  m_LastLODIsBillboard: 0
  m_LODs:
  - screenRelativeHeight: 0.026163923
    fadeTransitionWidth: 0
    renderers:
    - renderer: {fileID: 3266468977557985058}
  - screenRelativeHeight: 0.014857339
    fadeTransitionWidth: 0
    renderers:
    - renderer: {fileID: 975407085550362408}
  - screenRelativeHeight: 0.004764746
    fadeTransitionWidth: 0
    renderers:
    - renderer: {fileID: 4913125639236839507}
  m_Enabled: 1
--- !u!114 &-1824304420749577740
MonoBehaviour:
  m_ObjectHideFlags: 0
  m_CorrespondingSourceObject: {fileID: 0}
  m_PrefabInstance: {fileID: 0}
  m_PrefabAsset: {fileID: 0}
  m_GameObject: {fileID: 2219935556132796876}
  m_Enabled: 1
  m_EditorHideFlags: 0
  m_Script: {fileID: 11500000, guid: 0b618a267d58bbd44b0e19612353bc46, type: 3}
  m_Name: 
  m_EditorClassIdentifier: 
  goVfxLossSnow: {fileID: 4200630538071920451, guid: a60ca1ae9a0f88f4a9161e090f9ae548,
    type: 3}
  goVfxLossChalet: {fileID: 0}
  goVfxFire: {fileID: 5133480890596499785, guid: 226fc5cbf735abd419e597f20358bb96,
    type: 3}
  timeToLoss: 1
  timeToFire: 1
  randomTimeFire: 1
  isSnowed: 0
  isTree: 1
  isBush: 0
  isChalet: 0
  allMeshesToDissolve:
  - objectToDissolve: {fileID: 7351830156118037778}
    mat:
    - {fileID: 2100000, guid: ee87b763f1100f94681206025287c448, type: 2}
    - {fileID: 2100000, guid: 277eee16b0ea50b46a6d2697e82412ba, type: 2}
    desactivateCollider: 1
    rend: {fileID: 0}
  - objectToDissolve: {fileID: 3375029955600859450}
    mat:
    - {fileID: 2100000, guid: ee87b763f1100f94681206025287c448, type: 2}
    - {fileID: 2100000, guid: 277eee16b0ea50b46a6d2697e82412ba, type: 2}
    desactivateCollider: 1
    rend: {fileID: 0}
  - objectToDissolve: {fileID: 1714773844583439062}
    mat:
    - {fileID: 2100000, guid: ee87b763f1100f94681206025287c448, type: 2}
    - {fileID: 2100000, guid: 277eee16b0ea50b46a6d2697e82412ba, type: 2}
    desactivateCollider: 1
    rend: {fileID: 0}
  speedToDissolve: 0.2
--- !u!1 &4379004196855800536
GameObject:
  m_ObjectHideFlags: 0
  m_CorrespondingSourceObject: {fileID: 0}
  m_PrefabInstance: {fileID: 0}
  m_PrefabAsset: {fileID: 0}
  serializedVersion: 6
  m_Component:
  - component: {fileID: 403045967834394414}
  - component: {fileID: 754229927474707883}
  m_Layer: 10
  m_Name: ColliderTrigger
  m_TagString: DestructibleObstacle
  m_Icon: {fileID: 0}
  m_NavMeshLayer: 0
  m_StaticEditorFlags: 0
  m_IsActive: 1
--- !u!4 &403045967834394414
Transform:
  m_ObjectHideFlags: 0
  m_CorrespondingSourceObject: {fileID: 0}
  m_PrefabInstance: {fileID: 0}
  m_PrefabAsset: {fileID: 0}
  m_GameObject: {fileID: 4379004196855800536}
  m_LocalRotation: {x: -0.7071067, y: -0.000000030908616, z: 0.000000030908623, w: 0.7071068}
  m_LocalPosition: {x: 0, y: 0, z: 0}
  m_LocalScale: {x: 100, y: 100, z: 100}
  m_Children: []
  m_Father: {fileID: 5308685737739789639}
  m_RootOrder: 1
  m_LocalEulerAnglesHint: {x: 0, y: 0, z: 0}
--- !u!64 &754229927474707883
MeshCollider:
  m_ObjectHideFlags: 0
  m_CorrespondingSourceObject: {fileID: 0}
  m_PrefabInstance: {fileID: 0}
  m_PrefabAsset: {fileID: 0}
  m_GameObject: {fileID: 4379004196855800536}
  m_Material: {fileID: 0}
  m_IsTrigger: 1
  m_Enabled: 1
  serializedVersion: 4
  m_Convex: 1
  m_CookingOptions: 30
  m_Mesh: {fileID: -2807776523307081525, guid: 33b6958fa73b45b428610ec0932ada43, type: 3}
--- !u!1001 &8290357991629136084
PrefabInstance:
  m_ObjectHideFlags: 0
  serializedVersion: 2
  m_Modification:
    m_TransformParent: {fileID: 5308685737739789639}
    m_Modifications:
    - target: {fileID: -8679921383154817045, guid: 33b6958fa73b45b428610ec0932ada43,
        type: 3}
      propertyPath: m_LocalPosition.x
      value: 0
      objectReference: {fileID: 0}
    - target: {fileID: -8679921383154817045, guid: 33b6958fa73b45b428610ec0932ada43,
        type: 3}
      propertyPath: m_LocalPosition.y
      value: 0
      objectReference: {fileID: 0}
    - target: {fileID: -8679921383154817045, guid: 33b6958fa73b45b428610ec0932ada43,
        type: 3}
      propertyPath: m_LocalPosition.z
      value: 0
      objectReference: {fileID: 0}
    - target: {fileID: -8679921383154817045, guid: 33b6958fa73b45b428610ec0932ada43,
        type: 3}
      propertyPath: m_LocalRotation.x
      value: 0
      objectReference: {fileID: 0}
    - target: {fileID: -8679921383154817045, guid: 33b6958fa73b45b428610ec0932ada43,
        type: 3}
      propertyPath: m_LocalRotation.y
      value: 0
      objectReference: {fileID: 0}
    - target: {fileID: -8679921383154817045, guid: 33b6958fa73b45b428610ec0932ada43,
        type: 3}
      propertyPath: m_LocalRotation.z
      value: 0
      objectReference: {fileID: 0}
    - target: {fileID: -8679921383154817045, guid: 33b6958fa73b45b428610ec0932ada43,
        type: 3}
      propertyPath: m_LocalRotation.w
      value: 1
      objectReference: {fileID: 0}
    - target: {fileID: -8679921383154817045, guid: 33b6958fa73b45b428610ec0932ada43,
        type: 3}
      propertyPath: m_RootOrder
      value: 0
      objectReference: {fileID: 0}
    - target: {fileID: -8679921383154817045, guid: 33b6958fa73b45b428610ec0932ada43,
        type: 3}
      propertyPath: m_LocalEulerAnglesHint.x
      value: 0
      objectReference: {fileID: 0}
    - target: {fileID: -8679921383154817045, guid: 33b6958fa73b45b428610ec0932ada43,
        type: 3}
      propertyPath: m_LocalEulerAnglesHint.y
      value: 0
      objectReference: {fileID: 0}
    - target: {fileID: -8679921383154817045, guid: 33b6958fa73b45b428610ec0932ada43,
        type: 3}
      propertyPath: m_LocalEulerAnglesHint.z
      value: 0
      objectReference: {fileID: 0}
    - target: {fileID: -7706865985553451578, guid: 33b6958fa73b45b428610ec0932ada43,
        type: 3}
      propertyPath: m_Layer
      value: 9
      objectReference: {fileID: 0}
    - target: {fileID: -7706865985553451578, guid: 33b6958fa73b45b428610ec0932ada43,
        type: 3}
      propertyPath: m_TagString
      value: DestructibleObstacle
      objectReference: {fileID: 0}
    - target: {fileID: -7511558181221131132, guid: 33b6958fa73b45b428610ec0932ada43,
        type: 3}
      propertyPath: m_Materials.Array.data[1]
      value: 
      objectReference: {fileID: 2100000, guid: f75f6474e18459246833eafb0965c9cd, type: 2}
    - target: {fileID: -1963185627521943038, guid: 33b6958fa73b45b428610ec0932ada43,
        type: 3}
      propertyPath: m_Layer
      value: 9
      objectReference: {fileID: 0}
    - target: {fileID: -1963185627521943038, guid: 33b6958fa73b45b428610ec0932ada43,
        type: 3}
      propertyPath: m_TagString
      value: DestructibleObstacle
      objectReference: {fileID: 0}
    - target: {fileID: 919132149155446097, guid: 33b6958fa73b45b428610ec0932ada43,
        type: 3}
      propertyPath: m_Name
      value: PinVert
      objectReference: {fileID: 0}
    - target: {fileID: 919132149155446097, guid: 33b6958fa73b45b428610ec0932ada43,
        type: 3}
      propertyPath: m_TagString
      value: DestructibleObstacle
      objectReference: {fileID: 0}
    - target: {fileID: 919132149155446097, guid: 33b6958fa73b45b428610ec0932ada43,
        type: 3}
      propertyPath: m_Layer
      value: 9
      objectReference: {fileID: 0}
    - target: {fileID: 3451118302482216456, guid: 33b6958fa73b45b428610ec0932ada43,
        type: 3}
      propertyPath: m_IsTrigger
      value: 0
      objectReference: {fileID: 0}
    - target: {fileID: 3451118302482216456, guid: 33b6958fa73b45b428610ec0932ada43,
        type: 3}
      propertyPath: m_Convex
      value: 0
      objectReference: {fileID: 0}
    - target: {fileID: 6763218582127272430, guid: 33b6958fa73b45b428610ec0932ada43,
        type: 3}
      propertyPath: m_Layer
      value: 9
      objectReference: {fileID: 0}
    - target: {fileID: 6763218582127272430, guid: 33b6958fa73b45b428610ec0932ada43,
        type: 3}
      propertyPath: m_TagString
      value: DestructibleObstacle
      objectReference: {fileID: 0}
    m_RemovedComponents: []
  m_SourcePrefab: {fileID: 100100000, guid: 33b6958fa73b45b428610ec0932ada43, type: 3}
--- !u!4 &8396959126648604479 stripped
Transform:
  m_CorrespondingSourceObject: {fileID: -8679921383154817045, guid: 33b6958fa73b45b428610ec0932ada43,
    type: 3}
  m_PrefabInstance: {fileID: 8290357991629136084}
  m_PrefabAsset: {fileID: 0}
--- !u!1 &7351830156118037778 stripped
GameObject:
  m_CorrespondingSourceObject: {fileID: -7706865985553451578, guid: 33b6958fa73b45b428610ec0932ada43,
    type: 3}
  m_PrefabInstance: {fileID: 8290357991629136084}
  m_PrefabAsset: {fileID: 0}
--- !u!23 &3266468977557985058 stripped
MeshRenderer:
  m_CorrespondingSourceObject: {fileID: 6798624068339595254, guid: 33b6958fa73b45b428610ec0932ada43,
    type: 3}
  m_PrefabInstance: {fileID: 8290357991629136084}
  m_PrefabAsset: {fileID: 0}
--- !u!1 &3375029955600859450 stripped
GameObject:
  m_CorrespondingSourceObject: {fileID: 6763218582127272430, guid: 33b6958fa73b45b428610ec0932ada43,
    type: 3}
  m_PrefabInstance: {fileID: 8290357991629136084}
  m_PrefabAsset: {fileID: 0}
--- !u!23 &975407085550362408 stripped
MeshRenderer:
  m_CorrespondingSourceObject: {fileID: 9116432680202862588, guid: 33b6958fa73b45b428610ec0932ada43,
    type: 3}
  m_PrefabInstance: {fileID: 8290357991629136084}
  m_PrefabAsset: {fileID: 0}
--- !u!1 &1714773844583439062 stripped
GameObject:
  m_CorrespondingSourceObject: {fileID: -1963185627521943038, guid: 33b6958fa73b45b428610ec0932ada43,
    type: 3}
  m_PrefabInstance: {fileID: 8290357991629136084}
  m_PrefabAsset: {fileID: 0}
--- !u!23 &4913125639236839507 stripped
MeshRenderer:
  m_CorrespondingSourceObject: {fileID: 3973205215212161159, guid: 33b6958fa73b45b428610ec0932ada43,
    type: 3}
  m_PrefabInstance: {fileID: 8290357991629136084}
  m_PrefabAsset: {fileID: 0}
