%YAML 1.1
%TAG !u! tag:unity3d.com,2011:
--- !u!1 &4630862021679625350
GameObject:
  m_ObjectHideFlags: 0
  m_CorrespondingSourceObject: {fileID: 0}
  m_PrefabInstance: {fileID: 0}
  m_PrefabAsset: {fileID: 0}
  serializedVersion: 6
  m_Component:
  - component: {fileID: 2357662518403292376}
  - component: {fileID: 5514911716396290159}
  m_Layer: 10
  m_Name: ColliderTrigger
  m_TagString: DestructibleObstacle
  m_Icon: {fileID: 0}
  m_NavMeshLayer: 0
  m_StaticEditorFlags: 0
  m_IsActive: 1
--- !u!4 &2357662518403292376
Transform:
  m_ObjectHideFlags: 0
  m_CorrespondingSourceObject: {fileID: 0}
  m_PrefabInstance: {fileID: 0}
  m_PrefabAsset: {fileID: 0}
  m_GameObject: {fileID: 4630862021679625350}
  m_LocalRotation: {x: -0.7071067, y: -0.000000030908616, z: 0.000000030908623, w: 0.7071068}
  m_LocalPosition: {x: 0, y: 0, z: 0}
  m_LocalScale: {x: 100, y: 100, z: 100}
  m_Children: []
  m_Father: {fileID: 7807001410855731816}
  m_RootOrder: 1
  m_LocalEulerAnglesHint: {x: 0, y: 0, z: 0}
--- !u!64 &5514911716396290159
MeshCollider:
  m_ObjectHideFlags: 0
  m_CorrespondingSourceObject: {fileID: 0}
  m_PrefabInstance: {fileID: 0}
  m_PrefabAsset: {fileID: 0}
  m_GameObject: {fileID: 4630862021679625350}
  m_Material: {fileID: 0}
  m_IsTrigger: 1
  m_Enabled: 1
  serializedVersion: 4
  m_Convex: 1
  m_CookingOptions: 30
  m_Mesh: {fileID: -2378347194138594367, guid: 509d706310d70a643925f8145b044272, type: 3}
--- !u!1 &5912172819099071373
GameObject:
  m_ObjectHideFlags: 0
  m_CorrespondingSourceObject: {fileID: 0}
  m_PrefabInstance: {fileID: 0}
  m_PrefabAsset: {fileID: 0}
  serializedVersion: 6
  m_Component:
  - component: {fileID: 7807001410855731816}
  - component: {fileID: 7453315716003954476}
  - component: {fileID: 7304317895586458801}
  - component: {fileID: 1326621845}
  - component: {fileID: -4523847352732594531}
  m_Layer: 11
  m_Name: "SapinCouch\xE9"
  m_TagString: DestructibleObstacle
  m_Icon: {fileID: 0}
  m_NavMeshLayer: 0
  m_StaticEditorFlags: 0
  m_IsActive: 1
--- !u!4 &7807001410855731816
Transform:
  m_ObjectHideFlags: 0
  m_CorrespondingSourceObject: {fileID: 0}
  m_PrefabInstance: {fileID: 0}
  m_PrefabAsset: {fileID: 0}
  m_GameObject: {fileID: 5912172819099071373}
  m_LocalRotation: {x: 0, y: 0, z: 0, w: 1}
  m_LocalPosition: {x: 0, y: 0, z: 0}
  m_LocalScale: {x: 1, y: 1, z: 1}
  m_Children:
  - {fileID: 4252486090288075761}
  - {fileID: 2357662518403292376}
  m_Father: {fileID: 0}
  m_RootOrder: 0
  m_LocalEulerAnglesHint: {x: 0, y: 0, z: 0}
--- !u!114 &7453315716003954476
MonoBehaviour:
  m_ObjectHideFlags: 0
  m_CorrespondingSourceObject: {fileID: 0}
  m_PrefabInstance: {fileID: 0}
  m_PrefabAsset: {fileID: 0}
  m_GameObject: {fileID: 5912172819099071373}
  m_Enabled: 1
  m_EditorHideFlags: 0
  m_Script: {fileID: 11500000, guid: a8e642bc047967b49b9d04d94ddf045a, type: 3}
  m_Name: 
  m_EditorClassIdentifier: 
  isATree: 0
  isAStalactite: 0
  isFlying: 0
--- !u!54 &7304317895586458801
Rigidbody:
  m_ObjectHideFlags: 0
  m_CorrespondingSourceObject: {fileID: 0}
  m_PrefabInstance: {fileID: 0}
  m_PrefabAsset: {fileID: 0}
  m_GameObject: {fileID: 5912172819099071373}
  serializedVersion: 2
  m_Mass: 1
  m_Drag: 0
  m_AngularDrag: 0.05
  m_UseGravity: 1
  m_IsKinematic: 1
  m_Interpolate: 0
  m_Constraints: 0
  m_CollisionDetection: 0
--- !u!205 &1326621845
LODGroup:
  m_ObjectHideFlags: 0
  m_CorrespondingSourceObject: {fileID: 0}
  m_PrefabInstance: {fileID: 0}
  m_PrefabAsset: {fileID: 0}
  m_GameObject: {fileID: 5912172819099071373}
  serializedVersion: 2
  m_LocalReferencePoint: {x: -7.9963093, y: 3.5403235, z: 0.33664322}
  m_Size: 23.472015
  m_FadeMode: 0
  m_AnimateCrossFading: 0
  m_LastLODIsBillboard: 0
  m_LODs:
  - screenRelativeHeight: 0.014857339
    fadeTransitionWidth: 0
    renderers:
    - renderer: {fileID: 832527162273293836}
  - screenRelativeHeight: 0.004764746
    fadeTransitionWidth: 0
    renderers:
    - renderer: {fileID: 7408748212295179141}
  m_Enabled: 1
--- !u!114 &-4523847352732594531
MonoBehaviour:
  m_ObjectHideFlags: 0
  m_CorrespondingSourceObject: {fileID: 0}
  m_PrefabInstance: {fileID: 0}
  m_PrefabAsset: {fileID: 0}
  m_GameObject: {fileID: 5912172819099071373}
  m_Enabled: 1
  m_EditorHideFlags: 0
  m_Script: {fileID: 11500000, guid: 0b618a267d58bbd44b0e19612353bc46, type: 3}
  m_Name: 
  m_EditorClassIdentifier: 
  goVfxLossSnow: {fileID: 4200630538071920451, guid: a60ca1ae9a0f88f4a9161e090f9ae548,
    type: 3}
  goVfxLossChalet: {fileID: 0}
  goVfxFire: {fileID: 5133480890596499785, guid: 226fc5cbf735abd419e597f20358bb96,
    type: 3}
  timeToLoss: 1
  timeToFire: 1
  randomTimeFire: 1
  isSnowed: 0
  isTree: 1
  isBush: 0
  isChalet: 0
  allMeshesToDissolve:
  - objectToDissolve: {fileID: 8691901498477238569}
    mat:
    - {fileID: 2100000, guid: 277eee16b0ea50b46a6d2697e82412ba, type: 2}
    desactivateCollider: 1
    rend: {fileID: 0}
  - objectToDissolve: {fileID: 6716980638819050732}
    mat:
    - {fileID: 2100000, guid: 277eee16b0ea50b46a6d2697e82412ba, type: 2}
    desactivateCollider: 1
    rend: {fileID: 0}
  speedToDissolve: 0.2
--- !u!1001 &4362128683043157018
PrefabInstance:
  m_ObjectHideFlags: 0
  serializedVersion: 2
  m_Modification:
    m_TransformParent: {fileID: 7807001410855731816}
    m_Modifications:
    - target: {fileID: -8679921383154817045, guid: 509d706310d70a643925f8145b044272,
        type: 3}
      propertyPath: m_LocalPosition.x
      value: 0
      objectReference: {fileID: 0}
    - target: {fileID: -8679921383154817045, guid: 509d706310d70a643925f8145b044272,
        type: 3}
      propertyPath: m_LocalPosition.y
      value: 0
      objectReference: {fileID: 0}
    - target: {fileID: -8679921383154817045, guid: 509d706310d70a643925f8145b044272,
        type: 3}
      propertyPath: m_LocalPosition.z
      value: 0
      objectReference: {fileID: 0}
    - target: {fileID: -8679921383154817045, guid: 509d706310d70a643925f8145b044272,
        type: 3}
      propertyPath: m_LocalRotation.x
      value: 0
      objectReference: {fileID: 0}
    - target: {fileID: -8679921383154817045, guid: 509d706310d70a643925f8145b044272,
        type: 3}
      propertyPath: m_LocalRotation.y
      value: 0
      objectReference: {fileID: 0}
    - target: {fileID: -8679921383154817045, guid: 509d706310d70a643925f8145b044272,
        type: 3}
      propertyPath: m_LocalRotation.z
      value: 0
      objectReference: {fileID: 0}
    - target: {fileID: -8679921383154817045, guid: 509d706310d70a643925f8145b044272,
        type: 3}
      propertyPath: m_LocalRotation.w
      value: 1
      objectReference: {fileID: 0}
    - target: {fileID: -8679921383154817045, guid: 509d706310d70a643925f8145b044272,
        type: 3}
      propertyPath: m_RootOrder
      value: 0
      objectReference: {fileID: 0}
    - target: {fileID: -8679921383154817045, guid: 509d706310d70a643925f8145b044272,
        type: 3}
      propertyPath: m_LocalEulerAnglesHint.x
      value: 0
      objectReference: {fileID: 0}
    - target: {fileID: -8679921383154817045, guid: 509d706310d70a643925f8145b044272,
        type: 3}
      propertyPath: m_LocalEulerAnglesHint.y
      value: 0
      objectReference: {fileID: 0}
    - target: {fileID: -8679921383154817045, guid: 509d706310d70a643925f8145b044272,
        type: 3}
      propertyPath: m_LocalEulerAnglesHint.z
      value: 0
      objectReference: {fileID: 0}
    - target: {fileID: -7511558181221131132, guid: 509d706310d70a643925f8145b044272,
        type: 3}
      propertyPath: m_Materials.Array.data[0]
      value: 
      objectReference: {fileID: 2100000, guid: f75f6474e18459246833eafb0965c9cd, type: 2}
    - target: {fileID: -2180051588513001226, guid: 509d706310d70a643925f8145b044272,
        type: 3}
      propertyPath: m_Layer
      value: 9
      objectReference: {fileID: 0}
    - target: {fileID: -2180051588513001226, guid: 509d706310d70a643925f8145b044272,
        type: 3}
      propertyPath: m_TagString
      value: DestructibleObstacle
      objectReference: {fileID: 0}
    - target: {fileID: 919132149155446097, guid: 509d706310d70a643925f8145b044272,
        type: 3}
      propertyPath: m_Name
      value: "SapinCouch\xE9"
      objectReference: {fileID: 0}
    - target: {fileID: 919132149155446097, guid: 509d706310d70a643925f8145b044272,
        type: 3}
      propertyPath: m_TagString
      value: DestructibleObstacle
      objectReference: {fileID: 0}
    - target: {fileID: 919132149155446097, guid: 509d706310d70a643925f8145b044272,
        type: 3}
      propertyPath: m_Layer
      value: 9
      objectReference: {fileID: 0}
    - target: {fileID: 4906305315437260083, guid: 509d706310d70a643925f8145b044272,
        type: 3}
      propertyPath: m_Layer
      value: 9
      objectReference: {fileID: 0}
    - target: {fileID: 4906305315437260083, guid: 509d706310d70a643925f8145b044272,
        type: 3}
      propertyPath: m_TagString
      value: DestructibleObstacle
      objectReference: {fileID: 0}
    m_RemovedComponents: []
  m_SourcePrefab: {fileID: 100100000, guid: 509d706310d70a643925f8145b044272, type: 3}
--- !u!4 &4252486090288075761 stripped
Transform:
  m_CorrespondingSourceObject: {fileID: -8679921383154817045, guid: 509d706310d70a643925f8145b044272,
    type: 3}
  m_PrefabInstance: {fileID: 4362128683043157018}
  m_PrefabAsset: {fileID: 0}
--- !u!1 &8691901498477238569 stripped
GameObject:
  m_CorrespondingSourceObject: {fileID: 4906305315437260083, guid: 509d706310d70a643925f8145b044272,
    type: 3}
  m_PrefabInstance: {fileID: 4362128683043157018}
  m_PrefabAsset: {fileID: 0}
--- !u!23 &832527162273293836 stripped
MeshRenderer:
  m_CorrespondingSourceObject: {fileID: -5258832277529587178, guid: 509d706310d70a643925f8145b044272,
    type: 3}
  m_PrefabInstance: {fileID: 4362128683043157018}
  m_PrefabAsset: {fileID: 0}
--- !u!1 &6716980638819050732 stripped
GameObject:
  m_CorrespondingSourceObject: {fileID: -2180051588513001226, guid: 509d706310d70a643925f8145b044272,
    type: 3}
  m_PrefabInstance: {fileID: 4362128683043157018}
  m_PrefabAsset: {fileID: 0}
--- !u!23 &7408748212295179141 stripped
MeshRenderer:
  m_CorrespondingSourceObject: {fileID: -2713333210992971873, guid: 509d706310d70a643925f8145b044272,
    type: 3}
  m_PrefabInstance: {fileID: 4362128683043157018}
  m_PrefabAsset: {fileID: 0}
