%YAML 1.1
%TAG !u! tag:unity3d.com,2011:
--- !u!1 &1576421917
GameObject:
  m_ObjectHideFlags: 0
  m_CorrespondingSourceObject: {fileID: 0}
  m_PrefabInstance: {fileID: 0}
  m_PrefabAsset: {fileID: 0}
  serializedVersion: 6
  m_Component:
  - component: {fileID: 1576421918}
  - component: {fileID: 1576421919}
  m_Layer: 10
  m_Name: ObstacleTrigger (1)
  m_TagString: DestructibleObstacle
  m_Icon: {fileID: 0}
  m_NavMeshLayer: 0
  m_StaticEditorFlags: 0
  m_IsActive: 1
--- !u!4 &1576421918
Transform:
  m_ObjectHideFlags: 0
  m_CorrespondingSourceObject: {fileID: 0}
  m_PrefabInstance: {fileID: 0}
  m_PrefabAsset: {fileID: 0}
  m_GameObject: {fileID: 1576421917}
  m_LocalRotation: {x: -0.7071068, y: -0, z: -0, w: 0.7071068}
  m_LocalPosition: {x: 0, y: 0, z: 0}
  m_LocalScale: {x: 70, y: 70, z: 70}
  m_Children: []
  m_Father: {fileID: 7376804613969893569}
  m_RootOrder: 1
  m_LocalEulerAnglesHint: {x: -90, y: 0, z: 0}
--- !u!64 &1576421919
MeshCollider:
  m_ObjectHideFlags: 0
  m_CorrespondingSourceObject: {fileID: 0}
  m_PrefabInstance: {fileID: 0}
  m_PrefabAsset: {fileID: 0}
  m_GameObject: {fileID: 1576421917}
  m_Material: {fileID: 0}
  m_IsTrigger: 1
  m_Enabled: 1
  serializedVersion: 4
  m_Convex: 1
  m_CookingOptions: 30
  m_Mesh: {fileID: -6258978141548940127, guid: 70b6550fb9dfb5844993a12338ed6fa9, type: 3}
--- !u!1 &1772968861
GameObject:
  m_ObjectHideFlags: 0
  m_CorrespondingSourceObject: {fileID: 0}
  m_PrefabInstance: {fileID: 0}
  m_PrefabAsset: {fileID: 0}
  serializedVersion: 6
  m_Component:
  - component: {fileID: 1772968862}
  - component: {fileID: 1772968863}
  m_Layer: 0
  m_Name: Spot Light (2)
  m_TagString: Untagged
  m_Icon: {fileID: 0}
  m_NavMeshLayer: 0
  m_StaticEditorFlags: 0
  m_IsActive: 1
--- !u!4 &1772968862
Transform:
  m_ObjectHideFlags: 0
  m_CorrespondingSourceObject: {fileID: 0}
  m_PrefabInstance: {fileID: 0}
  m_PrefabAsset: {fileID: 0}
  m_GameObject: {fileID: 1772968861}
  m_LocalRotation: {x: 0.4999999, y: -0.5000001, z: 0.5000001, w: 0.4999999}
  m_LocalPosition: {x: -7.52, y: 31.89, z: -0.06}
  m_LocalScale: {x: 1, y: 1, z: 1}
  m_Children: []
  m_Father: {fileID: 7376804613969893569}
  m_RootOrder: 3
  m_LocalEulerAnglesHint: {x: 90, y: 89.99999, z: 180}
--- !u!108 &1772968863
Light:
  m_ObjectHideFlags: 0
  m_CorrespondingSourceObject: {fileID: 0}
  m_PrefabInstance: {fileID: 0}
  m_PrefabAsset: {fileID: 0}
  m_GameObject: {fileID: 1772968861}
  m_Enabled: 1
  serializedVersion: 10
  m_Type: 0
  m_Shape: 0
  m_Color: {r: 1, g: 0.98101705, b: 0.9292453, a: 1}
  m_Intensity: 300
  m_Range: 100
  m_SpotAngle: 63.745396
  m_InnerSpotAngle: 48.10767
  m_CookieSize: 10
  m_Shadows:
    m_Type: 2
    m_Resolution: -1
    m_CustomResolution: -1
    m_Strength: 1
    m_Bias: 0.02
    m_NormalBias: 0.1
    m_NearPlane: 0.1
    m_CullingMatrixOverride:
      e00: 1
      e01: 0
      e02: 0
      e03: 0
      e10: 0
      e11: 1
      e12: 0
      e13: 0
      e20: 0
      e21: 0
      e22: 1
      e23: 0
      e30: 0
      e31: 0
      e32: 0
      e33: 1
    m_UseCullingMatrixOverride: 0
  m_Cookie: {fileID: 0}
  m_DrawHalo: 0
  m_Flare: {fileID: 0}
  m_RenderMode: 0
  m_CullingMask:
    serializedVersion: 2
    m_Bits: 4294967295
  m_RenderingLayerMask: 1
  m_Lightmapping: 4
  m_LightShadowCasterMode: 0
  m_AreaSize: {x: 1, y: 1}
  m_BounceIntensity: 1
  m_ColorTemperature: 6570
  m_UseColorTemperature: 0
  m_BoundingSphereOverride: {x: 0, y: 0, z: 0, w: 0}
  m_UseBoundingSphereOverride: 0
  m_ShadowRadius: 0
  m_ShadowAngle: 0
--- !u!1 &2075663646
GameObject:
  m_ObjectHideFlags: 0
  m_CorrespondingSourceObject: {fileID: 0}
  m_PrefabInstance: {fileID: 0}
  m_PrefabAsset: {fileID: 0}
  serializedVersion: 6
  m_Component:
  - component: {fileID: 2075663647}
  - component: {fileID: 2075663648}
  m_Layer: 0
  m_Name: Spot Light (3)
  m_TagString: Untagged
  m_Icon: {fileID: 0}
  m_NavMeshLayer: 0
  m_StaticEditorFlags: 0
  m_IsActive: 1
--- !u!4 &2075663647
Transform:
  m_ObjectHideFlags: 0
  m_CorrespondingSourceObject: {fileID: 0}
  m_PrefabInstance: {fileID: 0}
  m_PrefabAsset: {fileID: 0}
  m_GameObject: {fileID: 2075663646}
  m_LocalRotation: {x: 0.5001221, y: -0.4998779, z: 0.4998779, w: 0.5001221}
  m_LocalPosition: {x: 6.6, y: 31.4, z: -0.1}
  m_LocalScale: {x: 1, y: 1, z: 1}
  m_Children: []
  m_Father: {fileID: 7376804613969893569}
  m_RootOrder: 4
  m_LocalEulerAnglesHint: {x: 90, y: -90, z: -0.02798462}
--- !u!108 &2075663648
Light:
  m_ObjectHideFlags: 0
  m_CorrespondingSourceObject: {fileID: 0}
  m_PrefabInstance: {fileID: 0}
  m_PrefabAsset: {fileID: 0}
  m_GameObject: {fileID: 2075663646}
  m_Enabled: 1
  serializedVersion: 10
  m_Type: 0
  m_Shape: 0
  m_Color: {r: 1, g: 0.98101705, b: 0.9292453, a: 1}
  m_Intensity: 300
  m_Range: 100
  m_SpotAngle: 63.74541
  m_InnerSpotAngle: 48.293446
  m_CookieSize: 10
  m_Shadows:
    m_Type: 2
    m_Resolution: -1
    m_CustomResolution: -1
    m_Strength: 1
    m_Bias: 0.02
    m_NormalBias: 0.1
    m_NearPlane: 0.1
    m_CullingMatrixOverride:
      e00: 1
      e01: 0
      e02: 0
      e03: 0
      e10: 0
      e11: 1
      e12: 0
      e13: 0
      e20: 0
      e21: 0
      e22: 1
      e23: 0
      e30: 0
      e31: 0
      e32: 0
      e33: 1
    m_UseCullingMatrixOverride: 0
  m_Cookie: {fileID: 0}
  m_DrawHalo: 0
  m_Flare: {fileID: 0}
  m_RenderMode: 0
  m_CullingMask:
    serializedVersion: 2
    m_Bits: 4294967295
  m_RenderingLayerMask: 1
  m_Lightmapping: 4
  m_LightShadowCasterMode: 0
  m_AreaSize: {x: 1, y: 1}
  m_BounceIntensity: 1
  m_ColorTemperature: 6570
  m_UseColorTemperature: 0
  m_BoundingSphereOverride: {x: 0, y: 0, z: 0, w: 0}
  m_UseBoundingSphereOverride: 0
  m_ShadowRadius: 0
  m_ShadowAngle: 0
--- !u!1 &7376804613969893574
GameObject:
  m_ObjectHideFlags: 0
  m_CorrespondingSourceObject: {fileID: 0}
  m_PrefabInstance: {fileID: 0}
  m_PrefabAsset: {fileID: 0}
  serializedVersion: 6
  m_Component:
  - component: {fileID: 7376804613969893569}
  - component: {fileID: 7376804613969893568}
  m_Layer: 9
  m_Name: GrandLampadaire3
  m_TagString: DestructibleObstacle
  m_Icon: {fileID: 0}
  m_NavMeshLayer: 0
  m_StaticEditorFlags: 0
  m_IsActive: 1
--- !u!4 &7376804613969893569
Transform:
  m_ObjectHideFlags: 0
  m_CorrespondingSourceObject: {fileID: 0}
  m_PrefabInstance: {fileID: 0}
  m_PrefabAsset: {fileID: 0}
  m_GameObject: {fileID: 7376804613969893574}
  m_LocalRotation: {x: 0, y: 0, z: 0, w: 1}
  m_LocalPosition: {x: 0, y: 0, z: 0}
  m_LocalScale: {x: 1, y: 1, z: 1}
  m_Children:
  - {fileID: 7049564755485877120}
  - {fileID: 1576421918}
  - {fileID: 2140330691930325333}
  - {fileID: 1772968862}
  - {fileID: 2075663647}
  m_Father: {fileID: 0}
  m_RootOrder: 0
  m_LocalEulerAnglesHint: {x: 0, y: 0, z: 0}
--- !u!205 &7376804613969893568
LODGroup:
  m_ObjectHideFlags: 0
  m_CorrespondingSourceObject: {fileID: 0}
  m_PrefabInstance: {fileID: 0}
  m_PrefabAsset: {fileID: 0}
  m_GameObject: {fileID: 7376804613969893574}
  serializedVersion: 2
  m_LocalReferencePoint: {x: -0.29036713, y: 14.0846195, z: -0.040778875}
  m_Size: 48.000095
  m_FadeMode: 0
  m_AnimateCrossFading: 0
  m_LastLODIsBillboard: 0
  m_LODs:
  - screenRelativeHeight: 0.020012818
    fadeTransitionWidth: 0
    renderers:
    - renderer: {fileID: 4134517884502213840}
    - renderer: {fileID: 7641944698392732353}
  - screenRelativeHeight: 0.007160617
    fadeTransitionWidth: 0
    renderers:
    - renderer: {fileID: 8083030304075129241}
    - renderer: {fileID: 7447376711891526395}
  - screenRelativeHeight: 0.00027551025
    fadeTransitionWidth: 0
    renderers:
    - renderer: {fileID: 7412284194578954895}
    - renderer: {fileID: 2247691204324254949}
  m_Enabled: 1
--- !u!1001 &7376804612363519083
PrefabInstance:
  m_ObjectHideFlags: 0
  serializedVersion: 2
  m_Modification:
    m_TransformParent: {fileID: 7376804613969893569}
    m_Modifications:
    - target: {fileID: -8679921383154817045, guid: 70b6550fb9dfb5844993a12338ed6fa9,
        type: 3}
      propertyPath: m_LocalPosition.x
      value: 0
      objectReference: {fileID: 0}
    - target: {fileID: -8679921383154817045, guid: 70b6550fb9dfb5844993a12338ed6fa9,
        type: 3}
      propertyPath: m_LocalPosition.y
      value: 0
      objectReference: {fileID: 0}
    - target: {fileID: -8679921383154817045, guid: 70b6550fb9dfb5844993a12338ed6fa9,
        type: 3}
      propertyPath: m_LocalPosition.z
      value: 0
      objectReference: {fileID: 0}
    - target: {fileID: -8679921383154817045, guid: 70b6550fb9dfb5844993a12338ed6fa9,
        type: 3}
      propertyPath: m_LocalRotation.x
      value: -0
      objectReference: {fileID: 0}
    - target: {fileID: -8679921383154817045, guid: 70b6550fb9dfb5844993a12338ed6fa9,
        type: 3}
      propertyPath: m_LocalRotation.y
      value: -0
      objectReference: {fileID: 0}
    - target: {fileID: -8679921383154817045, guid: 70b6550fb9dfb5844993a12338ed6fa9,
        type: 3}
      propertyPath: m_LocalRotation.z
      value: -0
      objectReference: {fileID: 0}
    - target: {fileID: -8679921383154817045, guid: 70b6550fb9dfb5844993a12338ed6fa9,
        type: 3}
      propertyPath: m_LocalRotation.w
      value: 1
      objectReference: {fileID: 0}
    - target: {fileID: -8679921383154817045, guid: 70b6550fb9dfb5844993a12338ed6fa9,
        type: 3}
      propertyPath: m_RootOrder
      value: 0
      objectReference: {fileID: 0}
    - target: {fileID: -8679921383154817045, guid: 70b6550fb9dfb5844993a12338ed6fa9,
        type: 3}
      propertyPath: m_LocalEulerAnglesHint.x
      value: 0
      objectReference: {fileID: 0}
    - target: {fileID: -8679921383154817045, guid: 70b6550fb9dfb5844993a12338ed6fa9,
        type: 3}
      propertyPath: m_LocalEulerAnglesHint.y
      value: 0
      objectReference: {fileID: 0}
    - target: {fileID: -8679921383154817045, guid: 70b6550fb9dfb5844993a12338ed6fa9,
        type: 3}
      propertyPath: m_LocalEulerAnglesHint.z
      value: 0
      objectReference: {fileID: 0}
    - target: {fileID: -8679921383154817045, guid: 70b6550fb9dfb5844993a12338ed6fa9,
        type: 3}
      propertyPath: m_LocalScale.x
      value: 0.7
      objectReference: {fileID: 0}
    - target: {fileID: -8679921383154817045, guid: 70b6550fb9dfb5844993a12338ed6fa9,
        type: 3}
      propertyPath: m_LocalScale.y
      value: 0.7
      objectReference: {fileID: 0}
    - target: {fileID: -8679921383154817045, guid: 70b6550fb9dfb5844993a12338ed6fa9,
        type: 3}
      propertyPath: m_LocalScale.z
      value: 0.7
      objectReference: {fileID: 0}
    - target: {fileID: -8193009443846269388, guid: 70b6550fb9dfb5844993a12338ed6fa9,
        type: 3}
      propertyPath: m_TagString
      value: DestructibleObstacle
      objectReference: {fileID: 0}
    - target: {fileID: -8193009443846269388, guid: 70b6550fb9dfb5844993a12338ed6fa9,
        type: 3}
      propertyPath: m_Layer
      value: 9
      objectReference: {fileID: 0}
    - target: {fileID: -7018320863016225326, guid: 70b6550fb9dfb5844993a12338ed6fa9,
        type: 3}
      propertyPath: m_Layer
      value: 9
      objectReference: {fileID: 0}
    - target: {fileID: -5385055515227721101, guid: 70b6550fb9dfb5844993a12338ed6fa9,
        type: 3}
      propertyPath: m_Layer
      value: 9
      objectReference: {fileID: 0}
    - target: {fileID: -4832856838552475987, guid: 70b6550fb9dfb5844993a12338ed6fa9,
        type: 3}
      propertyPath: m_TagString
      value: DestructibleObstacle
      objectReference: {fileID: 0}
    - target: {fileID: -4832856838552475987, guid: 70b6550fb9dfb5844993a12338ed6fa9,
        type: 3}
      propertyPath: m_Layer
      value: 9
      objectReference: {fileID: 0}
    - target: {fileID: 480152833559801612, guid: 70b6550fb9dfb5844993a12338ed6fa9,
        type: 3}
      propertyPath: m_TagString
      value: DestructibleObstacle
      objectReference: {fileID: 0}
    - target: {fileID: 480152833559801612, guid: 70b6550fb9dfb5844993a12338ed6fa9,
        type: 3}
      propertyPath: m_Layer
      value: 9
      objectReference: {fileID: 0}
    - target: {fileID: 919132149155446097, guid: 70b6550fb9dfb5844993a12338ed6fa9,
        type: 3}
      propertyPath: m_Name
      value: GrandLampadaire_Village_1_double
      objectReference: {fileID: 0}
    - target: {fileID: 919132149155446097, guid: 70b6550fb9dfb5844993a12338ed6fa9,
        type: 3}
      propertyPath: m_TagString
      value: DestructibleObstacle
      objectReference: {fileID: 0}
    - target: {fileID: 919132149155446097, guid: 70b6550fb9dfb5844993a12338ed6fa9,
        type: 3}
      propertyPath: m_Layer
      value: 9
      objectReference: {fileID: 0}
    - target: {fileID: 6227541266205408686, guid: 70b6550fb9dfb5844993a12338ed6fa9,
        type: 3}
      propertyPath: m_Layer
      value: 9
      objectReference: {fileID: 0}
    m_RemovedComponents: []
  m_SourcePrefab: {fileID: 100100000, guid: 70b6550fb9dfb5844993a12338ed6fa9, type: 3}
--- !u!4 &7049564755485877120 stripped
Transform:
  m_CorrespondingSourceObject: {fileID: -8679921383154817045, guid: 70b6550fb9dfb5844993a12338ed6fa9,
    type: 3}
  m_PrefabInstance: {fileID: 7376804612363519083}
  m_PrefabAsset: {fileID: 0}
--- !u!23 &4134517884502213840 stripped
MeshRenderer:
  m_CorrespondingSourceObject: {fileID: 6863326034602033339, guid: 70b6550fb9dfb5844993a12338ed6fa9,
    type: 3}
  m_PrefabInstance: {fileID: 7376804612363519083}
  m_PrefabAsset: {fileID: 0}
--- !u!23 &7641944698392732353 stripped
MeshRenderer:
  m_CorrespondingSourceObject: {fileID: -8335590610609838422, guid: 70b6550fb9dfb5844993a12338ed6fa9,
    type: 3}
  m_PrefabInstance: {fileID: 7376804612363519083}
  m_PrefabAsset: {fileID: 0}
--- !u!23 &8083030304075129241 stripped
MeshRenderer:
  m_CorrespondingSourceObject: {fileID: 1617669171283863026, guid: 70b6550fb9dfb5844993a12338ed6fa9,
    type: 3}
  m_PrefabInstance: {fileID: 7376804612363519083}
  m_PrefabAsset: {fileID: 0}
--- !u!23 &7447376711891526395 stripped
MeshRenderer:
  m_CorrespondingSourceObject: {fileID: -9149685931380595056, guid: 70b6550fb9dfb5844993a12338ed6fa9,
    type: 3}
  m_PrefabInstance: {fileID: 7376804612363519083}
  m_PrefabAsset: {fileID: 0}
--- !u!23 &7412284194578954895 stripped
MeshRenderer:
  m_CorrespondingSourceObject: {fileID: -9186756624721969436, guid: 70b6550fb9dfb5844993a12338ed6fa9,
    type: 3}
  m_PrefabInstance: {fileID: 7376804612363519083}
  m_PrefabAsset: {fileID: 0}
--- !u!23 &2247691204324254949 stripped
MeshRenderer:
  m_CorrespondingSourceObject: {fileID: 8750154927510151310, guid: 70b6550fb9dfb5844993a12338ed6fa9,
    type: 3}
  m_PrefabInstance: {fileID: 7376804612363519083}
  m_PrefabAsset: {fileID: 0}
--- !u!1001 &7376804612685672173
PrefabInstance:
  m_ObjectHideFlags: 0
  serializedVersion: 2
  m_Modification:
    m_TransformParent: {fileID: 7376804613969893569}
    m_Modifications:
    - target: {fileID: 1326350995565389323, guid: e0f584a6aafa08f4f86a659cd1f7f21c,
        type: 3}
      propertyPath: m_Mesh
      value: 
      objectReference: {fileID: -6258978141548940127, guid: 70b6550fb9dfb5844993a12338ed6fa9,
        type: 3}
    - target: {fileID: 8929608758049910712, guid: e0f584a6aafa08f4f86a659cd1f7f21c,
        type: 3}
      propertyPath: m_LocalPosition.x
      value: 0
      objectReference: {fileID: 0}
    - target: {fileID: 8929608758049910712, guid: e0f584a6aafa08f4f86a659cd1f7f21c,
        type: 3}
      propertyPath: m_LocalPosition.y
      value: 0
      objectReference: {fileID: 0}
    - target: {fileID: 8929608758049910712, guid: e0f584a6aafa08f4f86a659cd1f7f21c,
        type: 3}
      propertyPath: m_LocalPosition.z
      value: 0
      objectReference: {fileID: 0}
    - target: {fileID: 8929608758049910712, guid: e0f584a6aafa08f4f86a659cd1f7f21c,
        type: 3}
      propertyPath: m_LocalRotation.x
      value: -0.7071068
      objectReference: {fileID: 0}
    - target: {fileID: 8929608758049910712, guid: e0f584a6aafa08f4f86a659cd1f7f21c,
        type: 3}
      propertyPath: m_LocalRotation.y
      value: -0
      objectReference: {fileID: 0}
    - target: {fileID: 8929608758049910712, guid: e0f584a6aafa08f4f86a659cd1f7f21c,
        type: 3}
      propertyPath: m_LocalRotation.z
      value: -0
      objectReference: {fileID: 0}
    - target: {fileID: 8929608758049910712, guid: e0f584a6aafa08f4f86a659cd1f7f21c,
        type: 3}
      propertyPath: m_LocalRotation.w
      value: 0.7071068
      objectReference: {fileID: 0}
    - target: {fileID: 8929608758049910712, guid: e0f584a6aafa08f4f86a659cd1f7f21c,
        type: 3}
      propertyPath: m_RootOrder
      value: 2
      objectReference: {fileID: 0}
    - target: {fileID: 8929608758049910712, guid: e0f584a6aafa08f4f86a659cd1f7f21c,
        type: 3}
      propertyPath: m_LocalEulerAnglesHint.x
      value: 0
      objectReference: {fileID: 0}
    - target: {fileID: 8929608758049910712, guid: e0f584a6aafa08f4f86a659cd1f7f21c,
        type: 3}
      propertyPath: m_LocalEulerAnglesHint.y
      value: 0
      objectReference: {fileID: 0}
    - target: {fileID: 8929608758049910712, guid: e0f584a6aafa08f4f86a659cd1f7f21c,
        type: 3}
      propertyPath: m_LocalEulerAnglesHint.z
      value: 0
      objectReference: {fileID: 0}
    - target: {fileID: 8929608758049910712, guid: e0f584a6aafa08f4f86a659cd1f7f21c,
        type: 3}
      propertyPath: m_LocalScale.x
      value: 100
      objectReference: {fileID: 0}
    - target: {fileID: 8929608758049910712, guid: e0f584a6aafa08f4f86a659cd1f7f21c,
        type: 3}
      propertyPath: m_LocalScale.y
      value: 100.00009
      objectReference: {fileID: 0}
    - target: {fileID: 8929608758049910712, guid: e0f584a6aafa08f4f86a659cd1f7f21c,
        type: 3}
      propertyPath: m_LocalScale.z
      value: 100.00009
      objectReference: {fileID: 0}
    - target: {fileID: 8929608758049910718, guid: e0f584a6aafa08f4f86a659cd1f7f21c,
        type: 3}
      propertyPath: m_Materials.Array.data[0]
      value: 
      objectReference: {fileID: 0}
    - target: {fileID: 8929608758049910719, guid: e0f584a6aafa08f4f86a659cd1f7f21c,
        type: 3}
      propertyPath: m_Name
      value: LossVLapadaire (1)
      objectReference: {fileID: 0}
    m_RemovedComponents: []
  m_SourcePrefab: {fileID: 100100000, guid: e0f584a6aafa08f4f86a659cd1f7f21c, type: 3}
--- !u!4 &2140330691930325333 stripped
Transform:
  m_CorrespondingSourceObject: {fileID: 8929608758049910712, guid: e0f584a6aafa08f4f86a659cd1f7f21c,
    type: 3}
  m_PrefabInstance: {fileID: 7376804612685672173}
  m_PrefabAsset: {fileID: 0}
