%YAML 1.1
%TAG !u! tag:unity3d.com,2011:
--- !u!1 &256345916241938189
GameObject:
  m_ObjectHideFlags: 0
  m_CorrespondingSourceObject: {fileID: 0}
  m_PrefabInstance: {fileID: 0}
  m_PrefabAsset: {fileID: 0}
  serializedVersion: 6
  m_Component:
  - component: {fileID: 256345916241938185}
  - component: {fileID: 14355996353631163}
  - component: {fileID: 2584854687791506790}
  - component: {fileID: 2584854687791506791}
  m_Layer: 0
  m_Name: Player_Menu
  m_TagString: Player
  m_Icon: {fileID: 0}
  m_NavMeshLayer: 0
  m_StaticEditorFlags: 0
  m_IsActive: 1
--- !u!4 &256345916241938185
Transform:
  m_ObjectHideFlags: 0
  m_CorrespondingSourceObject: {fileID: 0}
  m_PrefabInstance: {fileID: 0}
  m_PrefabAsset: {fileID: 0}
  m_GameObject: {fileID: 256345916241938189}
  m_LocalRotation: {x: 0, y: 0, z: 0, w: 1}
  m_LocalPosition: {x: -222.54, y: 130.02, z: 217.6}
  m_LocalScale: {x: 5, y: 5, z: 5}
  m_Children:
  - {fileID: 7980924236240168678}
  m_Father: {fileID: 0}
  m_RootOrder: 0
  m_LocalEulerAnglesHint: {x: 0, y: 0, z: 0}
--- !u!114 &14355996353631163
MonoBehaviour:
  m_ObjectHideFlags: 0
  m_CorrespondingSourceObject: {fileID: 0}
  m_PrefabInstance: {fileID: 0}
  m_PrefabAsset: {fileID: 0}
  m_GameObject: {fileID: 256345916241938189}
  m_Enabled: 1
  m_EditorHideFlags: 0
  m_Script: {fileID: 11500000, guid: 5a127c37b5118a44ca1a7595f0b089fa, type: 3}
  m_Name: 
  m_EditorClassIdentifier: 
  at: {fileID: 2584854687791506790}
  chair: {fileID: 0}
  armoire: {fileID: 0}
  buttonManager: {fileID: 0}
  NoSoundOnOverlap: 0
--- !u!95 &2584854687791506790
Animator:
  serializedVersion: 3
  m_ObjectHideFlags: 0
  m_CorrespondingSourceObject: {fileID: 0}
  m_PrefabInstance: {fileID: 0}
  m_PrefabAsset: {fileID: 0}
  m_GameObject: {fileID: 256345916241938189}
  m_Enabled: 1
  m_Avatar: {fileID: 0}
  m_Controller: {fileID: 9100000, guid: 93b1c1da798bb314784704e75e6f2177, type: 2}
  m_CullingMode: 0
  m_UpdateMode: 0
  m_ApplyRootMotion: 0
  m_LinearVelocityBlending: 0
  m_WarningMessage: 
  m_HasTransformHierarchy: 1
  m_AllowConstantClipSamplingOptimization: 1
  m_KeepAnimatorControllerStateOnDisable: 0
--- !u!114 &2584854687791506791
MonoBehaviour:
  m_ObjectHideFlags: 0
  m_CorrespondingSourceObject: {fileID: 0}
  m_PrefabInstance: {fileID: 0}
  m_PrefabAsset: {fileID: 0}
  m_GameObject: {fileID: 256345916241938189}
  m_Enabled: 1
  m_EditorHideFlags: 0
  m_Script: {fileID: 11500000, guid: e6cea6ce3a9ab15419879b05b165910f, type: 3}
  m_Name: 
  m_EditorClassIdentifier: 
--- !u!1 &2182622292888422881
GameObject:
  m_ObjectHideFlags: 0
  m_CorrespondingSourceObject: {fileID: 0}
  m_PrefabInstance: {fileID: 0}
  m_PrefabAsset: {fileID: 0}
  serializedVersion: 6
  m_Component:
  - component: {fileID: 7980924236240168678}
  - component: {fileID: 3763831005877165684}
  - component: {fileID: 5280896541737745917}
  - component: {fileID: 8539764733352060610}
  m_Layer: 0
  m_Name: Mesh
  m_TagString: Untagged
  m_Icon: {fileID: 0}
  m_NavMeshLayer: 0
  m_StaticEditorFlags: 0
  m_IsActive: 1
--- !u!4 &7980924236240168678
Transform:
  m_ObjectHideFlags: 0
  m_CorrespondingSourceObject: {fileID: 0}
  m_PrefabInstance: {fileID: 0}
  m_PrefabAsset: {fileID: 0}
  m_GameObject: {fileID: 2182622292888422881}
  m_LocalRotation: {x: 0, y: 0, z: 0, w: 1}
  m_LocalPosition: {x: 0, y: 0.195, z: 0}
  m_LocalScale: {x: 1, y: 1, z: 1}
  m_Children:
  - {fileID: 4472124006020094243}
  m_Father: {fileID: 256345916241938185}
  m_RootOrder: 0
  m_LocalEulerAnglesHint: {x: 0, y: 0, z: 0}
--- !u!33 &3763831005877165684
MeshFilter:
  m_ObjectHideFlags: 0
  m_CorrespondingSourceObject: {fileID: 0}
  m_PrefabInstance: {fileID: 0}
  m_PrefabAsset: {fileID: 0}
  m_GameObject: {fileID: 2182622292888422881}
  m_Mesh: {fileID: 10207, guid: 0000000000000000e000000000000000, type: 0}
--- !u!23 &5280896541737745917
MeshRenderer:
  m_ObjectHideFlags: 0
  m_CorrespondingSourceObject: {fileID: 0}
  m_PrefabInstance: {fileID: 0}
  m_PrefabAsset: {fileID: 0}
  m_GameObject: {fileID: 2182622292888422881}
  m_Enabled: 1
  m_CastShadows: 1
  m_ReceiveShadows: 1
  m_DynamicOccludee: 1
  m_MotionVectors: 1
  m_LightProbeUsage: 1
  m_ReflectionProbeUsage: 1
  m_RayTracingMode: 2
  m_RenderingLayerMask: 1
  m_RendererPriority: 0
  m_Materials:
  - {fileID: 2100000, guid: 859c6d465eb7ca941bffeeee23a8ed12, type: 2}
  m_StaticBatchInfo:
    firstSubMesh: 0
    subMeshCount: 0
  m_StaticBatchRoot: {fileID: 0}
  m_ProbeAnchor: {fileID: 0}
  m_LightProbeVolumeOverride: {fileID: 0}
  m_ScaleInLightmap: 1
  m_ReceiveGI: 1
  m_PreserveUVs: 0
  m_IgnoreNormalsForChartDetection: 0
  m_ImportantGI: 0
  m_StitchLightmapSeams: 1
  m_SelectedEditorRenderState: 3
  m_MinimumChartSize: 4
  m_AutoUVMaxDistance: 0.5
  m_AutoUVMaxAngle: 89
  m_LightmapParameters: {fileID: 0}
  m_SortingLayerID: 0
  m_SortingLayer: 0
  m_SortingOrder: 0
--- !u!114 &8539764733352060610
MonoBehaviour:
  m_ObjectHideFlags: 0
  m_CorrespondingSourceObject: {fileID: 0}
  m_PrefabInstance: {fileID: 0}
  m_PrefabAsset: {fileID: 0}
  m_GameObject: {fileID: 2182622292888422881}
  m_Enabled: 1
  m_EditorHideFlags: 0
  m_Script: {fileID: 11500000, guid: 91fef58310ac1b349b79014f59f88dac, type: 3}
  m_Name: 
  m_EditorClassIdentifier: 
  allEyes:
  - {fileID: 21300000, guid: 4f4c09791e90b7745b61181009db25a7, type: 3}
  - {fileID: 21300000, guid: 98efe923d8c32524294a62109eb33043, type: 3}
  - {fileID: 21300000, guid: d49b663fc3bdd7d4d875a73adcf371e0, type: 3}
  - {fileID: 21300000, guid: 31ba458dedacdeb47bb7465d31ddd7ad, type: 3}
  - {fileID: 21300000, guid: abd47fa12ce8a7449a915516b3ba6836, type: 3}
  - {fileID: 21300000, guid: 5253f4137e5e31d4aa09c57faf6f553d, type: 3}
  - {fileID: 21300000, guid: c9b28eabb72fba64fbf54c2e4d1a1710, type: 3}
  - {fileID: 21300000, guid: 6fb5566533fe66c4c8331cb9a49057f5, type: 3}
  - {fileID: 21300000, guid: c826875de6869b640a912a46131fde5f, type: 3}
  - {fileID: 21300000, guid: 760f43372de3a864b90fd4f1499ae03f, type: 3}
  - {fileID: 21300000, guid: 85f058bdd695a804285ccc3648173d43, type: 3}
  - {fileID: 21300000, guid: ed44287fe6238ac4ea70082977a771f6, type: 3}
  - {fileID: 21300000, guid: 5b0a374f7d8eaeb4da26f312465b0889, type: 3}
  - {fileID: 21300000, guid: 434916967dd7dd4419821287f14d83c9, type: 3}
  - {fileID: 21300000, guid: c346bc8fef74833449eab573fdd11f9c, type: 3}
  - {fileID: 21300000, guid: 5efcbda36f090f44987d9c95f4d2732b, type: 3}
  - {fileID: 21300000, guid: ebc7b40ea724ddc42bdff7112fc5a37a, type: 3}
  - {fileID: 21300000, guid: c2854672bd157bc4ea26c6c84fca457a, type: 3}
  - {fileID: 21300000, guid: 298c105bfb26db5429270c9973326d44, type: 3}
  - {fileID: 21300000, guid: 67ce8b460ee67bb44ac192a72021e33f, type: 3}
  allMouths:
  - {fileID: 21300000, guid: 76121f6b40174674c89fd768d7421123, type: 3}
  - {fileID: 21300000, guid: b746810e1f5a5f04baf190ccaceb4b4c, type: 3}
  - {fileID: 21300000, guid: 93764d858db058a43ad0bd360e378d92, type: 3}
  - {fileID: 21300000, guid: 28e63c9ce304c1c4cbe576d7abf82a2b, type: 3}
  - {fileID: 21300000, guid: b67b558ae73c7d940b092775ef1226e5, type: 3}
  - {fileID: 21300000, guid: 7fb8045ebf48af44d821c3d12cab567a, type: 3}
  - {fileID: 21300000, guid: 027b9437fd6f1e04895186db9b385cb9, type: 3}
  - {fileID: 21300000, guid: 3f3309bc4af8fa647a7f73940ba25a29, type: 3}
  - {fileID: 21300000, guid: bf4ec353bd38f0843baadba24e8204ec, type: 3}
  - {fileID: 21300000, guid: 8a8e87a912663da44ac2fc1238e1e252, type: 3}
  - {fileID: 21300000, guid: 6ef07759080b6f941afa75641f7cb339, type: 3}
  - {fileID: 21300000, guid: 5e62117bf1de1e341b77b6b080c07908, type: 3}
  - {fileID: 21300000, guid: fe212c8faad36a0469edd709e3fb4d4e, type: 3}
  - {fileID: 21300000, guid: 51afa23272f100646bfe72c609689461, type: 3}
  - {fileID: 21300000, guid: 38d559abfc7b198499af64738e2fa213, type: 3}
  - {fileID: 21300000, guid: 006b3119a99a5fc4db1073bd7da2a59b, type: 3}
  - {fileID: 21300000, guid: 651fd0a427592764f8411d3d0b7c1c70, type: 3}
  - {fileID: 21300000, guid: ace80a7ba9cb0fd46a3848b31ed83b2a, type: 3}
  - {fileID: 21300000, guid: 74cd79e031ab1c647bcc4697de623f25, type: 3}
  - {fileID: 21300000, guid: 3bcc66e34f1f3c34da36058a248d6a61, type: 3}
  allEyesButtons:
  - {fileID: 0}
  - {fileID: 0}
  - {fileID: 0}
  - {fileID: 0}
  - {fileID: 0}
  - {fileID: 0}
  - {fileID: 0}
  - {fileID: 0}
  - {fileID: 0}
  - {fileID: 0}
  - {fileID: 0}
  - {fileID: 0}
  - {fileID: 0}
  - {fileID: 0}
  - {fileID: 0}
  - {fileID: 0}
  - {fileID: 0}
  - {fileID: 0}
  - {fileID: 0}
  - {fileID: 0}
  allMouthsButtons:
  - {fileID: 0}
  - {fileID: 0}
  - {fileID: 0}
  - {fileID: 0}
  - {fileID: 0}
  - {fileID: 0}
  - {fileID: 0}
  - {fileID: 0}
  - {fileID: 0}
  - {fileID: 0}
  - {fileID: 0}
  - {fileID: 0}
  - {fileID: 0}
  - {fileID: 0}
  - {fileID: 0}
  - {fileID: 0}
  - {fileID: 0}
  - {fileID: 0}
  - {fileID: 0}
  - {fileID: 0}
  allColorsButtons:
  - {fileID: 0}
  - {fileID: 0}
  - {fileID: 0}
  - {fileID: 0}
  - {fileID: 0}
  - {fileID: 0}
  - {fileID: 0}
  - {fileID: 0}
  - {fileID: 0}
  - {fileID: 0}
  - {fileID: 0}
  - {fileID: 0}
  - {fileID: 0}
  - {fileID: 0}
  - {fileID: 0}
  - {fileID: 0}
  - {fileID: 0}
  - {fileID: 0}
  - {fileID: 0}
  - {fileID: 0}
  allVoicesButtons:
  - {fileID: 0}
  - {fileID: 0}
  - {fileID: 0}
  - {fileID: 0}
  - {fileID: 0}
  - {fileID: 0}
  - {fileID: 0}
  - {fileID: 0}
  - {fileID: 0}
  - {fileID: 0}
  allChosePanelButtons:
  - {fileID: 0}
  - {fileID: 0}
  - {fileID: 0}
  - {fileID: 0}
  allChosePanelButtonsParent: {fileID: 0}
  SaveButton: {fileID: 0}
  btn_keyboard_a: {fileID: 0}
  eye: {fileID: 869057482510265279}
  mouth: {fileID: 8875971974784123750}
  DifferentPanels:
  - {fileID: 0}
  - {fileID: 0}
  - {fileID: 0}
  - {fileID: 0}
  - {fileID: 0}
  evt: {fileID: 0}
  playerNameInput: {fileID: 0}
  playerNickname: {fileID: 0}
  armoire: {fileID: 0}
--- !u!1 &3792202040652424990
GameObject:
  m_ObjectHideFlags: 0
  m_CorrespondingSourceObject: {fileID: 0}
  m_PrefabInstance: {fileID: 0}
  m_PrefabAsset: {fileID: 0}
  serializedVersion: 6
  m_Component:
  - component: {fileID: 4238733553304690981}
  - component: {fileID: 8875971974784123750}
  m_Layer: 0
  m_Name: Bouche
  m_TagString: Untagged
  m_Icon: {fileID: 0}
  m_NavMeshLayer: 0
  m_StaticEditorFlags: 0
  m_IsActive: 1
--- !u!4 &4238733553304690981
Transform:
  m_ObjectHideFlags: 0
  m_CorrespondingSourceObject: {fileID: 0}
  m_PrefabInstance: {fileID: 0}
  m_PrefabAsset: {fileID: 0}
  m_GameObject: {fileID: 3792202040652424990}
  m_LocalRotation: {x: 0, y: 0, z: 0, w: 1}
  m_LocalPosition: {x: 0, y: -1.06, z: 0}
  m_LocalScale: {x: 1, y: 1, z: 1}
  m_Children: []
  m_Father: {fileID: 4472124006020094243}
  m_RootOrder: 1
  m_LocalEulerAnglesHint: {x: 0, y: 0, z: 0}
--- !u!212 &8875971974784123750
SpriteRenderer:
  m_ObjectHideFlags: 0
  m_CorrespondingSourceObject: {fileID: 0}
  m_PrefabInstance: {fileID: 0}
  m_PrefabAsset: {fileID: 0}
  m_GameObject: {fileID: 3792202040652424990}
  m_Enabled: 1
  m_CastShadows: 0
  m_ReceiveShadows: 0
  m_DynamicOccludee: 1
  m_MotionVectors: 1
  m_LightProbeUsage: 1
  m_ReflectionProbeUsage: 1
  m_RayTracingMode: 0
  m_RenderingLayerMask: 1
  m_RendererPriority: 0
  m_Materials:
  - {fileID: 10754, guid: 0000000000000000f000000000000000, type: 0}
  m_StaticBatchInfo:
    firstSubMesh: 0
    subMeshCount: 0
  m_StaticBatchRoot: {fileID: 0}
  m_ProbeAnchor: {fileID: 0}
  m_LightProbeVolumeOverride: {fileID: 0}
  m_ScaleInLightmap: 1
  m_ReceiveGI: 1
  m_PreserveUVs: 0
  m_IgnoreNormalsForChartDetection: 0
  m_ImportantGI: 0
  m_StitchLightmapSeams: 1
  m_SelectedEditorRenderState: 0
  m_MinimumChartSize: 4
  m_AutoUVMaxDistance: 0.5
  m_AutoUVMaxAngle: 89
  m_LightmapParameters: {fileID: 0}
  m_SortingLayerID: 0
  m_SortingLayer: 0
  m_SortingOrder: 0
  m_Sprite: {fileID: 21300000, guid: 006b3119a99a5fc4db1073bd7da2a59b, type: 3}
  m_Color: {r: 1, g: 1, b: 1, a: 1}
  m_FlipX: 0
  m_FlipY: 0
  m_DrawMode: 0
  m_Size: {x: 4, y: 2}
  m_AdaptiveModeThreshold: 0.5
  m_SpriteTileMode: 0
  m_WasSpriteAssigned: 1
  m_MaskInteraction: 0
  m_SpriteSortPoint: 0
--- !u!1 &8818075181408278127
GameObject:
  m_ObjectHideFlags: 0
  m_CorrespondingSourceObject: {fileID: 0}
  m_PrefabInstance: {fileID: 0}
  m_PrefabAsset: {fileID: 0}
  serializedVersion: 6
  m_Component:
  - component: {fileID: 2284976756366025733}
  - component: {fileID: 869057482510265279}
  m_Layer: 0
  m_Name: Yeux
  m_TagString: Untagged
  m_Icon: {fileID: 0}
  m_NavMeshLayer: 0
  m_StaticEditorFlags: 0
  m_IsActive: 1
--- !u!4 &2284976756366025733
Transform:
  m_ObjectHideFlags: 0
  m_CorrespondingSourceObject: {fileID: 0}
  m_PrefabInstance: {fileID: 0}
  m_PrefabAsset: {fileID: 0}
  m_GameObject: {fileID: 8818075181408278127}
  m_LocalRotation: {x: 0, y: 0, z: 0, w: 1}
  m_LocalPosition: {x: 0, y: 0.7680001, z: 0}
  m_LocalScale: {x: 1, y: 1, z: 1}
  m_Children: []
  m_Father: {fileID: 4472124006020094243}
  m_RootOrder: 0
  m_LocalEulerAnglesHint: {x: 0, y: 0, z: 0}
--- !u!212 &869057482510265279
SpriteRenderer:
  m_ObjectHideFlags: 0
  m_CorrespondingSourceObject: {fileID: 0}
  m_PrefabInstance: {fileID: 0}
  m_PrefabAsset: {fileID: 0}
  m_GameObject: {fileID: 8818075181408278127}
  m_Enabled: 1
  m_CastShadows: 0
  m_ReceiveShadows: 0
  m_DynamicOccludee: 1
  m_MotionVectors: 1
  m_LightProbeUsage: 1
  m_ReflectionProbeUsage: 1
  m_RayTracingMode: 0
  m_RenderingLayerMask: 1
  m_RendererPriority: 0
  m_Materials:
  - {fileID: 10754, guid: 0000000000000000f000000000000000, type: 0}
  m_StaticBatchInfo:
    firstSubMesh: 0
    subMeshCount: 0
  m_StaticBatchRoot: {fileID: 0}
  m_ProbeAnchor: {fileID: 0}
  m_LightProbeVolumeOverride: {fileID: 0}
  m_ScaleInLightmap: 1
  m_ReceiveGI: 1
  m_PreserveUVs: 0
  m_IgnoreNormalsForChartDetection: 0
  m_ImportantGI: 0
  m_StitchLightmapSeams: 1
  m_SelectedEditorRenderState: 0
  m_MinimumChartSize: 4
  m_AutoUVMaxDistance: 0.5
  m_AutoUVMaxAngle: 89
  m_LightmapParameters: {fileID: 0}
  m_SortingLayerID: 0
  m_SortingLayer: 0
  m_SortingOrder: 0
  m_Sprite: {fileID: 21300000, guid: d49b663fc3bdd7d4d875a73adcf371e0, type: 3}
  m_Color: {r: 1, g: 1, b: 1, a: 1}
  m_FlipX: 0
  m_FlipY: 0
  m_DrawMode: 0
  m_Size: {x: 4, y: 2}
  m_AdaptiveModeThreshold: 0.5
  m_SpriteTileMode: 0
  m_WasSpriteAssigned: 1
  m_MaskInteraction: 0
  m_SpriteSortPoint: 0
--- !u!1 &8874565984789559330
GameObject:
  m_ObjectHideFlags: 0
  m_CorrespondingSourceObject: {fileID: 0}
  m_PrefabInstance: {fileID: 0}
  m_PrefabAsset: {fileID: 0}
  serializedVersion: 6
  m_Component:
  - component: {fileID: 4472124006020094243}
  m_Layer: 0
  m_Name: Visage
  m_TagString: Untagged
  m_Icon: {fileID: 0}
  m_NavMeshLayer: 0
  m_StaticEditorFlags: 0
  m_IsActive: 1
--- !u!4 &4472124006020094243
Transform:
  m_ObjectHideFlags: 0
  m_CorrespondingSourceObject: {fileID: 0}
  m_PrefabInstance: {fileID: 0}
  m_PrefabAsset: {fileID: 0}
  m_GameObject: {fileID: 8874565984789559330}
  m_LocalRotation: {x: 0, y: 0, z: 0, w: 1}
  m_LocalPosition: {x: 0, y: -0.023, z: -0.541}
  m_LocalScale: {x: 0.2, y: 0.2, z: 0.2}
  m_Children:
  - {fileID: 2284976756366025733}
  - {fileID: 4238733553304690981}
  m_Father: {fileID: 7980924236240168678}
  m_RootOrder: 0
  m_LocalEulerAnglesHint: {x: 0, y: 0, z: 0}
