%YAML 1.1
%TAG !u! tag:unity3d.com,2011:
--- !u!1 &3162597294546514996
GameObject:
  m_ObjectHideFlags: 0
  m_CorrespondingSourceObject: {fileID: 0}
  m_PrefabInstance: {fileID: 0}
  m_PrefabAsset: {fileID: 0}
  serializedVersion: 6
  m_Component:
  - component: {fileID: 2353163615357251214}
  - component: {fileID: 1659512976252674347}
  - component: {fileID: 3522713259056682465}
  - component: {fileID: 4341159793016588551}
  m_Layer: 0
  m_Name: Glacon
  m_TagString: Untagged
  m_Icon: {fileID: 0}
  m_NavMeshLayer: 0
  m_StaticEditorFlags: 0
  m_IsActive: 1
--- !u!4 &2353163615357251214
Transform:
  m_ObjectHideFlags: 0
  m_CorrespondingSourceObject: {fileID: 0}
  m_PrefabInstance: {fileID: 0}
  m_PrefabAsset: {fileID: 0}
  m_GameObject: {fileID: 3162597294546514996}
  m_LocalRotation: {x: 0.47778243, y: -0.52127147, z: -0.52127147, w: -0.47778243}
  m_LocalPosition: {x: 0, y: 0, z: 0}
  m_LocalScale: {x: 21.58695, y: 21.586946, z: 21.586946}
  m_Children:
  - {fileID: 6362120434790900295}
  - {fileID: 5784816701418544459}
  m_Father: {fileID: 0}
  m_RootOrder: 0
  m_LocalEulerAnglesHint: {x: -90.00001, y: 0, z: -265.01498}
--- !u!33 &1659512976252674347
MeshFilter:
  m_ObjectHideFlags: 0
  m_CorrespondingSourceObject: {fileID: 0}
  m_PrefabInstance: {fileID: 0}
  m_PrefabAsset: {fileID: 0}
  m_GameObject: {fileID: 3162597294546514996}
  m_Mesh: {fileID: 4493585093827132993, guid: cb189a5233b328e4ba2661418df5ce62, type: 3}
--- !u!23 &3522713259056682465
MeshRenderer:
  m_ObjectHideFlags: 0
  m_CorrespondingSourceObject: {fileID: 0}
  m_PrefabInstance: {fileID: 0}
  m_PrefabAsset: {fileID: 0}
  m_GameObject: {fileID: 3162597294546514996}
  m_Enabled: 1
  m_CastShadows: 1
  m_ReceiveShadows: 1
  m_DynamicOccludee: 1
  m_MotionVectors: 1
  m_LightProbeUsage: 1
  m_ReflectionProbeUsage: 1
  m_RayTracingMode: 2
  m_RenderingLayerMask: 1
  m_RendererPriority: 0
  m_Materials:
  - {fileID: 2100000, guid: 448fe0539001e984e85618db72e9391e, type: 2}
  m_StaticBatchInfo:
    firstSubMesh: 0
    subMeshCount: 0
  m_StaticBatchRoot: {fileID: 0}
  m_ProbeAnchor: {fileID: 0}
  m_LightProbeVolumeOverride: {fileID: 0}
  m_ScaleInLightmap: 1
  m_ReceiveGI: 1
  m_PreserveUVs: 0
  m_IgnoreNormalsForChartDetection: 0
  m_ImportantGI: 0
  m_StitchLightmapSeams: 1
  m_SelectedEditorRenderState: 3
  m_MinimumChartSize: 4
  m_AutoUVMaxDistance: 0.5
  m_AutoUVMaxAngle: 89
  m_LightmapParameters: {fileID: 0}
  m_SortingLayerID: 0
  m_SortingLayer: 0
  m_SortingOrder: 0
--- !u!114 &4341159793016588551
MonoBehaviour:
  m_ObjectHideFlags: 0
  m_CorrespondingSourceObject: {fileID: 0}
  m_PrefabInstance: {fileID: 0}
  m_PrefabAsset: {fileID: 0}
  m_GameObject: {fileID: 3162597294546514996}
  m_Enabled: 1
  m_EditorHideFlags: 0
  m_Script: {fileID: 11500000, guid: 194cfd90780bcb44a8134548496ebef7, type: 3}
  m_Name: 
  m_EditorClassIdentifier: 
  speedUpdate: 10
--- !u!1001 &1563804408360791582
PrefabInstance:
  m_ObjectHideFlags: 0
  serializedVersion: 2
  m_Modification:
    m_TransformParent: {fileID: 2353163615357251214}
    m_Modifications:
    - target: {fileID: 5040781387364594514, guid: 877fe8a94380a1541a9cdcb51023e212,
        type: 3}
      propertyPath: m_Name
      value: iceCrack
      objectReference: {fileID: 0}
    - target: {fileID: 5040781387364594516, guid: 877fe8a94380a1541a9cdcb51023e212,
        type: 3}
      propertyPath: m_Materials.Array.data[0]
      value: 
      objectReference: {fileID: 0}
    - target: {fileID: 5040781387364594516, guid: 877fe8a94380a1541a9cdcb51023e212,
        type: 3}
      propertyPath: m_Enabled
      value: 1
      objectReference: {fileID: 0}
    - target: {fileID: 5040781387364594517, guid: 877fe8a94380a1541a9cdcb51023e212,
        type: 3}
      propertyPath: m_LocalPosition.x
      value: 0
      objectReference: {fileID: 0}
    - target: {fileID: 5040781387364594517, guid: 877fe8a94380a1541a9cdcb51023e212,
        type: 3}
      propertyPath: m_LocalPosition.y
      value: 0
      objectReference: {fileID: 0}
    - target: {fileID: 5040781387364594517, guid: 877fe8a94380a1541a9cdcb51023e212,
        type: 3}
      propertyPath: m_LocalPosition.z
      value: 0
      objectReference: {fileID: 0}
    - target: {fileID: 5040781387364594517, guid: 877fe8a94380a1541a9cdcb51023e212,
        type: 3}
      propertyPath: m_LocalRotation.x
      value: -0
      objectReference: {fileID: 0}
    - target: {fileID: 5040781387364594517, guid: 877fe8a94380a1541a9cdcb51023e212,
        type: 3}
      propertyPath: m_LocalRotation.y
      value: -0
      objectReference: {fileID: 0}
    - target: {fileID: 5040781387364594517, guid: 877fe8a94380a1541a9cdcb51023e212,
        type: 3}
      propertyPath: m_LocalRotation.z
      value: -0
      objectReference: {fileID: 0}
    - target: {fileID: 5040781387364594517, guid: 877fe8a94380a1541a9cdcb51023e212,
        type: 3}
      propertyPath: m_LocalRotation.w
      value: 1
      objectReference: {fileID: 0}
    - target: {fileID: 5040781387364594517, guid: 877fe8a94380a1541a9cdcb51023e212,
        type: 3}
      propertyPath: m_RootOrder
      value: 1
      objectReference: {fileID: 0}
    - target: {fileID: 5040781387364594517, guid: 877fe8a94380a1541a9cdcb51023e212,
        type: 3}
      propertyPath: m_LocalEulerAnglesHint.x
      value: 0
      objectReference: {fileID: 0}
    - target: {fileID: 5040781387364594517, guid: 877fe8a94380a1541a9cdcb51023e212,
        type: 3}
      propertyPath: m_LocalEulerAnglesHint.y
      value: 0
      objectReference: {fileID: 0}
    - target: {fileID: 5040781387364594517, guid: 877fe8a94380a1541a9cdcb51023e212,
        type: 3}
      propertyPath: m_LocalEulerAnglesHint.z
      value: 0
      objectReference: {fileID: 0}
    - target: {fileID: 5040781387364594517, guid: 877fe8a94380a1541a9cdcb51023e212,
        type: 3}
      propertyPath: m_LocalScale.x
      value: 0.1
      objectReference: {fileID: 0}
    - target: {fileID: 5040781387364594517, guid: 877fe8a94380a1541a9cdcb51023e212,
        type: 3}
      propertyPath: m_LocalScale.y
      value: 0.1
      objectReference: {fileID: 0}
    - target: {fileID: 5040781387364594517, guid: 877fe8a94380a1541a9cdcb51023e212,
        type: 3}
      propertyPath: m_LocalScale.z
      value: 0.1
      objectReference: {fileID: 0}
    - target: {fileID: 5040781387364594519, guid: 877fe8a94380a1541a9cdcb51023e212,
        type: 3}
      propertyPath: m_InitialEventName
      value: 
      objectReference: {fileID: 0}
    - target: {fileID: 5040781387364594519, guid: 877fe8a94380a1541a9cdcb51023e212,
        type: 3}
      propertyPath: m_InitialEventNameOverriden
      value: 1
      objectReference: {fileID: 0}
    m_RemovedComponents: []
  m_SourcePrefab: {fileID: 100100000, guid: 877fe8a94380a1541a9cdcb51023e212, type: 3}
--- !u!4 &5784816701418544459 stripped
Transform:
  m_CorrespondingSourceObject: {fileID: 5040781387364594517, guid: 877fe8a94380a1541a9cdcb51023e212,
    type: 3}
  m_PrefabInstance: {fileID: 1563804408360791582}
  m_PrefabAsset: {fileID: 0}
--- !u!1001 &6899641823166875052
PrefabInstance:
  m_ObjectHideFlags: 0
  serializedVersion: 2
  m_Modification:
    m_TransformParent: {fileID: 2353163615357251214}
    m_Modifications:
    - target: {fileID: -8679921383154817045, guid: cb189a5233b328e4ba2661418df5ce62,
        type: 3}
      propertyPath: m_LocalPosition.x
      value: 0
      objectReference: {fileID: 0}
    - target: {fileID: -8679921383154817045, guid: cb189a5233b328e4ba2661418df5ce62,
        type: 3}
      propertyPath: m_LocalPosition.y
      value: 0
      objectReference: {fileID: 0}
    - target: {fileID: -8679921383154817045, guid: cb189a5233b328e4ba2661418df5ce62,
        type: 3}
      propertyPath: m_LocalPosition.z
      value: 0
      objectReference: {fileID: 0}
    - target: {fileID: -8679921383154817045, guid: cb189a5233b328e4ba2661418df5ce62,
        type: 3}
      propertyPath: m_LocalRotation.x
      value: -0
      objectReference: {fileID: 0}
    - target: {fileID: -8679921383154817045, guid: cb189a5233b328e4ba2661418df5ce62,
        type: 3}
      propertyPath: m_LocalRotation.y
      value: -0
      objectReference: {fileID: 0}
    - target: {fileID: -8679921383154817045, guid: cb189a5233b328e4ba2661418df5ce62,
        type: 3}
      propertyPath: m_LocalRotation.z
      value: -0
      objectReference: {fileID: 0}
    - target: {fileID: -8679921383154817045, guid: cb189a5233b328e4ba2661418df5ce62,
        type: 3}
      propertyPath: m_LocalRotation.w
      value: 1
      objectReference: {fileID: 0}
    - target: {fileID: -8679921383154817045, guid: cb189a5233b328e4ba2661418df5ce62,
        type: 3}
      propertyPath: m_RootOrder
      value: 0
      objectReference: {fileID: 0}
    - target: {fileID: -8679921383154817045, guid: cb189a5233b328e4ba2661418df5ce62,
        type: 3}
      propertyPath: m_LocalEulerAnglesHint.x
      value: 0
      objectReference: {fileID: 0}
    - target: {fileID: -8679921383154817045, guid: cb189a5233b328e4ba2661418df5ce62,
        type: 3}
      propertyPath: m_LocalEulerAnglesHint.y
      value: 0
      objectReference: {fileID: 0}
    - target: {fileID: -8679921383154817045, guid: cb189a5233b328e4ba2661418df5ce62,
        type: 3}
      propertyPath: m_LocalEulerAnglesHint.z
      value: 0
      objectReference: {fileID: 0}
    - target: {fileID: -8679921383154817045, guid: cb189a5233b328e4ba2661418df5ce62,
        type: 3}
      propertyPath: m_LocalScale.x
      value: 1.1261032
      objectReference: {fileID: 0}
    - target: {fileID: -8679921383154817045, guid: cb189a5233b328e4ba2661418df5ce62,
        type: 3}
      propertyPath: m_LocalScale.y
      value: 1.1261032
      objectReference: {fileID: 0}
    - target: {fileID: -8679921383154817045, guid: cb189a5233b328e4ba2661418df5ce62,
        type: 3}
      propertyPath: m_LocalScale.z
      value: 1.1261032
      objectReference: {fileID: 0}
    - target: {fileID: -7511558181221131132, guid: cb189a5233b328e4ba2661418df5ce62,
        type: 3}
      propertyPath: m_Materials.Array.data[0]
      value: 
      objectReference: {fileID: 2100000, guid: c3a4da61d9e181c4baa267afbf1152da, type: 2}
    - target: {fileID: 919132149155446097, guid: cb189a5233b328e4ba2661418df5ce62,
        type: 3}
      propertyPath: m_Name
      value: Glacon (1)
      objectReference: {fileID: 0}
    - target: {fileID: 919132149155446097, guid: cb189a5233b328e4ba2661418df5ce62,
        type: 3}
      propertyPath: m_IsActive
      value: 1
      objectReference: {fileID: 0}
    m_RemovedComponents: []
  m_SourcePrefab: {fileID: 100100000, guid: cb189a5233b328e4ba2661418df5ce62, type: 3}
--- !u!4 &6362120434790900295 stripped
Transform:
  m_CorrespondingSourceObject: {fileID: -8679921383154817045, guid: cb189a5233b328e4ba2661418df5ce62,
    type: 3}
  m_PrefabInstance: {fileID: 6899641823166875052}
  m_PrefabAsset: {fileID: 0}
