%YAML 1.1
%TAG !u! tag:unity3d.com,2011:
--- !u!205 &2030233203729096634
LODGroup:
  m_ObjectHideFlags: 0
  m_CorrespondingSourceObject: {fileID: 0}
  m_PrefabInstance: {fileID: 0}
  m_PrefabAsset: {fileID: 0}
  m_GameObject: {fileID: 5057682219723376106}
  serializedVersion: 2
  m_LocalReferencePoint: {x: 0.31396484, y: 0.64952457, z: 0.1976049}
  m_Size: 5.1561365
  m_FadeMode: 0
  m_AnimateCrossFading: 0
  m_LastLODIsBillboard: 0
  m_LODs:
  - screenRelativeHeight: 0.025487123
    fadeTransitionWidth: 0
    renderers:
    - renderer: {fileID: 5437398795414052748}
  - screenRelativeHeight: 0.0047683055
    fadeTransitionWidth: 0
    renderers:
    - renderer: {fileID: 5049969829046008171}
  m_Enabled: 1
--- !u!1 &5400122713290915883
GameObject:
  m_ObjectHideFlags: 0
  m_CorrespondingSourceObject: {fileID: 0}
  m_PrefabInstance: {fileID: 0}
  m_PrefabAsset: {fileID: 0}
  serializedVersion: 6
  m_Component:
  - component: {fileID: 5400122713290915882}
  - component: {fileID: 5400122713290915877}
  m_Layer: 10
  m_Name: ObstacleTrigger
  m_TagString: DestructibleObstacle
  m_Icon: {fileID: 0}
  m_NavMeshLayer: 0
  m_StaticEditorFlags: 0
  m_IsActive: 1
--- !u!4 &5400122713290915882
Transform:
  m_ObjectHideFlags: 0
  m_CorrespondingSourceObject: {fileID: 0}
  m_PrefabInstance: {fileID: 0}
  m_PrefabAsset: {fileID: 0}
  m_GameObject: {fileID: 5400122713290915883}
  m_LocalRotation: {x: -0.7071068, y: 0, z: 0, w: 0.7071068}
  m_LocalPosition: {x: 0, y: 0, z: 0}
  m_LocalScale: {x: 200, y: 200, z: 200}
  m_Children: []
  m_Father: {fileID: 5400122713714781337}
  m_RootOrder: 0
  m_LocalEulerAnglesHint: {x: -90, y: 0, z: 0}
--- !u!64 &5400122713290915877
MeshCollider:
  m_ObjectHideFlags: 0
  m_CorrespondingSourceObject: {fileID: 0}
  m_PrefabInstance: {fileID: 0}
  m_PrefabAsset: {fileID: 0}
  m_GameObject: {fileID: 5400122713290915883}
  m_Material: {fileID: 0}
  m_IsTrigger: 1
  m_Enabled: 1
  serializedVersion: 4
  m_Convex: 1
  m_CookingOptions: 30
  m_Mesh: {fileID: -2041041353836632861, guid: 34bf7fcdc3979094ca2d6b61c459320c, type: 3}
--- !u!1 &5400122713714781342
GameObject:
  m_ObjectHideFlags: 0
  m_CorrespondingSourceObject: {fileID: 0}
  m_PrefabInstance: {fileID: 0}
  m_PrefabAsset: {fileID: 0}
  serializedVersion: 6
  m_Component:
  - component: {fileID: 5400122713714781337}
  - component: {fileID: 6670272343216238985}
  - component: {fileID: -6452475892141990498}
  m_Layer: 0
  m_Name: Rock2_SN
  m_TagString: DestructibleObstacle
  m_Icon: {fileID: 0}
  m_NavMeshLayer: 0
  m_StaticEditorFlags: 0
  m_IsActive: 1
--- !u!4 &5400122713714781337
Transform:
  m_ObjectHideFlags: 0
  m_CorrespondingSourceObject: {fileID: 0}
  m_PrefabInstance: {fileID: 0}
  m_PrefabAsset: {fileID: 0}
  m_GameObject: {fileID: 5400122713714781342}
  m_LocalRotation: {x: 0, y: 0, z: 0, w: 1}
  m_LocalPosition: {x: 0, y: 0, z: 0}
  m_LocalScale: {x: 1, y: 1, z: 1}
  m_Children:
  - {fileID: 5400122713290915882}
  - {fileID: 5583249136068304720}
  m_Father: {fileID: 0}
  m_RootOrder: 0
  m_LocalEulerAnglesHint: {x: 0, y: 0, z: 0}
--- !u!114 &6670272343216238985
MonoBehaviour:
  m_ObjectHideFlags: 0
  m_CorrespondingSourceObject: {fileID: 0}
  m_PrefabInstance: {fileID: 0}
  m_PrefabAsset: {fileID: 0}
  m_GameObject: {fileID: 5400122713714781342}
  m_Enabled: 1
  m_EditorHideFlags: 0
  m_Script: {fileID: 11500000, guid: a8e642bc047967b49b9d04d94ddf045a, type: 3}
  m_Name: 
  m_EditorClassIdentifier: 
  isATree: 0
  isAStalactite: 0
  isFlying: 0
--- !u!54 &-6452475892141990498
Rigidbody:
  m_ObjectHideFlags: 0
  m_CorrespondingSourceObject: {fileID: 0}
  m_PrefabInstance: {fileID: 0}
  m_PrefabAsset: {fileID: 0}
  m_GameObject: {fileID: 5400122713714781342}
  serializedVersion: 2
  m_Mass: 1
  m_Drag: 0
  m_AngularDrag: 0.05
  m_UseGravity: 1
  m_IsKinematic: 1
  m_Interpolate: 0
  m_Constraints: 0
  m_CollisionDetection: 0
--- !u!1001 &5400122714703198395
PrefabInstance:
  m_ObjectHideFlags: 0
  serializedVersion: 2
  m_Modification:
    m_TransformParent: {fileID: 5400122713714781337}
    m_Modifications:
    - target: {fileID: -8679921383154817045, guid: 34bf7fcdc3979094ca2d6b61c459320c,
        type: 3}
      propertyPath: m_LocalPosition.x
      value: 0
      objectReference: {fileID: 0}
    - target: {fileID: -8679921383154817045, guid: 34bf7fcdc3979094ca2d6b61c459320c,
        type: 3}
      propertyPath: m_LocalPosition.y
      value: 0
      objectReference: {fileID: 0}
    - target: {fileID: -8679921383154817045, guid: 34bf7fcdc3979094ca2d6b61c459320c,
        type: 3}
      propertyPath: m_LocalPosition.z
      value: 0
      objectReference: {fileID: 0}
    - target: {fileID: -8679921383154817045, guid: 34bf7fcdc3979094ca2d6b61c459320c,
        type: 3}
      propertyPath: m_LocalRotation.x
      value: 0
      objectReference: {fileID: 0}
    - target: {fileID: -8679921383154817045, guid: 34bf7fcdc3979094ca2d6b61c459320c,
        type: 3}
      propertyPath: m_LocalRotation.y
      value: 0
      objectReference: {fileID: 0}
    - target: {fileID: -8679921383154817045, guid: 34bf7fcdc3979094ca2d6b61c459320c,
        type: 3}
      propertyPath: m_LocalRotation.z
      value: 0
      objectReference: {fileID: 0}
    - target: {fileID: -8679921383154817045, guid: 34bf7fcdc3979094ca2d6b61c459320c,
        type: 3}
      propertyPath: m_LocalRotation.w
      value: 1
      objectReference: {fileID: 0}
    - target: {fileID: -8679921383154817045, guid: 34bf7fcdc3979094ca2d6b61c459320c,
        type: 3}
      propertyPath: m_RootOrder
      value: 1
      objectReference: {fileID: 0}
    - target: {fileID: -8679921383154817045, guid: 34bf7fcdc3979094ca2d6b61c459320c,
        type: 3}
      propertyPath: m_LocalEulerAnglesHint.x
      value: 0
      objectReference: {fileID: 0}
    - target: {fileID: -8679921383154817045, guid: 34bf7fcdc3979094ca2d6b61c459320c,
        type: 3}
      propertyPath: m_LocalEulerAnglesHint.y
      value: 0
      objectReference: {fileID: 0}
    - target: {fileID: -8679921383154817045, guid: 34bf7fcdc3979094ca2d6b61c459320c,
        type: 3}
      propertyPath: m_LocalEulerAnglesHint.z
      value: 0
      objectReference: {fileID: 0}
    - target: {fileID: -8679921383154817045, guid: 34bf7fcdc3979094ca2d6b61c459320c,
        type: 3}
      propertyPath: m_LocalScale.x
      value: 2
      objectReference: {fileID: 0}
    - target: {fileID: -8679921383154817045, guid: 34bf7fcdc3979094ca2d6b61c459320c,
        type: 3}
      propertyPath: m_LocalScale.y
      value: 2
      objectReference: {fileID: 0}
    - target: {fileID: -8679921383154817045, guid: 34bf7fcdc3979094ca2d6b61c459320c,
        type: 3}
      propertyPath: m_LocalScale.z
      value: 2
      objectReference: {fileID: 0}
    - target: {fileID: -3360663511534291447, guid: 34bf7fcdc3979094ca2d6b61c459320c,
        type: 3}
      propertyPath: m_Layer
      value: 9
      objectReference: {fileID: 0}
    - target: {fileID: -3360663511534291447, guid: 34bf7fcdc3979094ca2d6b61c459320c,
        type: 3}
      propertyPath: m_TagString
      value: DestructibleObstacle
      objectReference: {fileID: 0}
    - target: {fileID: -2317883268983092808, guid: 34bf7fcdc3979094ca2d6b61c459320c,
        type: 3}
      propertyPath: m_Layer
      value: 9
      objectReference: {fileID: 0}
    - target: {fileID: 919132149155446097, guid: 34bf7fcdc3979094ca2d6b61c459320c,
        type: 3}
      propertyPath: m_Name
      value: Rock4_SN
      objectReference: {fileID: 0}
    - target: {fileID: 919132149155446097, guid: 34bf7fcdc3979094ca2d6b61c459320c,
        type: 3}
      propertyPath: m_TagString
      value: DestructibleObstacle
      objectReference: {fileID: 0}
    - target: {fileID: 919132149155446097, guid: 34bf7fcdc3979094ca2d6b61c459320c,
        type: 3}
      propertyPath: m_Layer
      value: 9
      objectReference: {fileID: 0}
    m_RemovedComponents:
    - {fileID: 6262724167554357896, guid: 34bf7fcdc3979094ca2d6b61c459320c, type: 3}
  m_SourcePrefab: {fileID: 100100000, guid: 34bf7fcdc3979094ca2d6b61c459320c, type: 3}
--- !u!1 &5057682219723376106 stripped
GameObject:
  m_CorrespondingSourceObject: {fileID: 919132149155446097, guid: 34bf7fcdc3979094ca2d6b61c459320c,
    type: 3}
  m_PrefabInstance: {fileID: 5400122714703198395}
  m_PrefabAsset: {fileID: 0}
--- !u!4 &5583249136068304720 stripped
Transform:
  m_CorrespondingSourceObject: {fileID: -8679921383154817045, guid: 34bf7fcdc3979094ca2d6b61c459320c,
    type: 3}
  m_PrefabInstance: {fileID: 5400122714703198395}
  m_PrefabAsset: {fileID: 0}
--- !u!23 &5437398795414052748 stripped
MeshRenderer:
  m_CorrespondingSourceObject: {fileID: 109374581397808951, guid: 34bf7fcdc3979094ca2d6b61c459320c,
    type: 3}
  m_PrefabInstance: {fileID: 5400122714703198395}
  m_PrefabAsset: {fileID: 0}
--- !u!23 &5049969829046008171 stripped
MeshRenderer:
  m_CorrespondingSourceObject: {fileID: -8294489002512432688, guid: 34bf7fcdc3979094ca2d6b61c459320c,
    type: 3}
  m_PrefabInstance: {fileID: 5400122714703198395}
  m_PrefabAsset: {fileID: 0}
