%YAML 1.1
%TAG !u! tag:unity3d.com,2011:
--- !u!1 &7222040616118284075
GameObject:
  m_ObjectHideFlags: 0
  m_CorrespondingSourceObject: {fileID: 0}
  m_PrefabInstance: {fileID: 0}
  m_PrefabAsset: {fileID: 0}
  serializedVersion: 6
  m_Component:
  - component: {fileID: 7222040616118284076}
  - component: {fileID: 7222040616118284077}
  m_Layer: 10
  m_Name: ObstacleTrigger
  m_TagString: DestructibleObstacle
  m_Icon: {fileID: 0}
  m_NavMeshLayer: 0
  m_StaticEditorFlags: 0
  m_IsActive: 1
--- !u!4 &7222040616118284076
Transform:
  m_ObjectHideFlags: 0
  m_CorrespondingSourceObject: {fileID: 0}
  m_PrefabInstance: {fileID: 0}
  m_PrefabAsset: {fileID: 0}
  m_GameObject: {fileID: 7222040616118284075}
  m_LocalRotation: {x: -0.7071068, y: 0, z: 0, w: 0.7071068}
  m_LocalPosition: {x: 0, y: 0, z: 0}
  m_LocalScale: {x: 200, y: 200, z: 200}
  m_Children: []
  m_Father: {fileID: 7222040617597749880}
  m_RootOrder: 0
  m_LocalEulerAnglesHint: {x: -90, y: 0, z: 0}
--- !u!64 &7222040616118284077
MeshCollider:
  m_ObjectHideFlags: 0
  m_CorrespondingSourceObject: {fileID: 0}
  m_PrefabInstance: {fileID: 0}
  m_PrefabAsset: {fileID: 0}
  m_GameObject: {fileID: 7222040616118284075}
  m_Material: {fileID: 0}
  m_IsTrigger: 1
  m_Enabled: 1
  serializedVersion: 4
  m_Convex: 1
  m_CookingOptions: 30
  m_Mesh: {fileID: 5397519070152503824, guid: 3b7f2d35d0410e04ea2849f11fcba2cb, type: 3}
--- !u!1 &7222040617597749831
GameObject:
  m_ObjectHideFlags: 0
  m_CorrespondingSourceObject: {fileID: 0}
  m_PrefabInstance: {fileID: 0}
  m_PrefabAsset: {fileID: 0}
  serializedVersion: 6
  m_Component:
  - component: {fileID: 7222040617597749880}
  - component: {fileID: 6649999453957254933}
  - component: {fileID: -4548367309956908498}
  m_Layer: 0
  m_Name: Rock9_AN
  m_TagString: DestructibleObstacle
  m_Icon: {fileID: 0}
  m_NavMeshLayer: 0
  m_StaticEditorFlags: 0
  m_IsActive: 1
--- !u!4 &7222040617597749880
Transform:
  m_ObjectHideFlags: 0
  m_CorrespondingSourceObject: {fileID: 0}
  m_PrefabInstance: {fileID: 0}
  m_PrefabAsset: {fileID: 0}
  m_GameObject: {fileID: 7222040617597749831}
  m_LocalRotation: {x: 0, y: 0, z: 0, w: 1}
  m_LocalPosition: {x: 0, y: 0, z: 0}
  m_LocalScale: {x: 1, y: 1, z: 1}
  m_Children:
  - {fileID: 7222040616118284076}
  - {fileID: 7184207672289820109}
  m_Father: {fileID: 0}
  m_RootOrder: 0
  m_LocalEulerAnglesHint: {x: 0, y: 0, z: 0}
--- !u!114 &6649999453957254933
MonoBehaviour:
  m_ObjectHideFlags: 0
  m_CorrespondingSourceObject: {fileID: 0}
  m_PrefabInstance: {fileID: 0}
  m_PrefabAsset: {fileID: 0}
  m_GameObject: {fileID: 7222040617597749831}
  m_Enabled: 1
  m_EditorHideFlags: 0
  m_Script: {fileID: 11500000, guid: a8e642bc047967b49b9d04d94ddf045a, type: 3}
  m_Name: 
  m_EditorClassIdentifier: 
  isATree: 0
  isAStalactite: 0
  isFlying: 0
--- !u!54 &-4548367309956908498
Rigidbody:
  m_ObjectHideFlags: 0
  m_CorrespondingSourceObject: {fileID: 0}
  m_PrefabInstance: {fileID: 0}
  m_PrefabAsset: {fileID: 0}
  m_GameObject: {fileID: 7222040617597749831}
  serializedVersion: 2
  m_Mass: 1
  m_Drag: 0
  m_AngularDrag: 0.05
  m_UseGravity: 1
  m_IsKinematic: 1
  m_Interpolate: 0
  m_Constraints: 0
  m_CollisionDetection: 0
--- !u!205 &8959413207956989635
LODGroup:
  m_ObjectHideFlags: 0
  m_CorrespondingSourceObject: {fileID: 0}
  m_PrefabInstance: {fileID: 0}
  m_PrefabAsset: {fileID: 0}
  m_GameObject: {fileID: 7564005017741961079}
  serializedVersion: 2
  m_LocalReferencePoint: {x: 0.15889537, y: 0.5527533, z: 0.18183547}
  m_Size: 4.5104513
  m_FadeMode: 0
  m_AnimateCrossFading: 0
  m_LastLODIsBillboard: 0
  m_LODs:
  - screenRelativeHeight: 0.02382611
    fadeTransitionWidth: 0
    renderers:
    - renderer: {fileID: 4462936591262142384}
    - renderer: {fileID: 6215010905536661902}
  - screenRelativeHeight: 0.0019835462
    fadeTransitionWidth: 0
    renderers:
    - renderer: {fileID: 4302763748076332416}
    - renderer: {fileID: 260271806758927670}
  m_Enabled: 1
--- !u!1001 &7222040615591418406
PrefabInstance:
  m_ObjectHideFlags: 0
  serializedVersion: 2
  m_Modification:
    m_TransformParent: {fileID: 7222040617597749880}
    m_Modifications:
    - target: {fileID: -9063084998601253508, guid: 3b7f2d35d0410e04ea2849f11fcba2cb,
        type: 3}
      propertyPath: m_TagString
      value: Sol
      objectReference: {fileID: 0}
    - target: {fileID: -9063084998601253508, guid: 3b7f2d35d0410e04ea2849f11fcba2cb,
        type: 3}
      propertyPath: m_Layer
      value: 9
      objectReference: {fileID: 0}
    - target: {fileID: -8679921383154817045, guid: 3b7f2d35d0410e04ea2849f11fcba2cb,
        type: 3}
      propertyPath: m_LocalPosition.x
      value: 0
      objectReference: {fileID: 0}
    - target: {fileID: -8679921383154817045, guid: 3b7f2d35d0410e04ea2849f11fcba2cb,
        type: 3}
      propertyPath: m_LocalPosition.y
      value: 0
      objectReference: {fileID: 0}
    - target: {fileID: -8679921383154817045, guid: 3b7f2d35d0410e04ea2849f11fcba2cb,
        type: 3}
      propertyPath: m_LocalPosition.z
      value: 0
      objectReference: {fileID: 0}
    - target: {fileID: -8679921383154817045, guid: 3b7f2d35d0410e04ea2849f11fcba2cb,
        type: 3}
      propertyPath: m_LocalRotation.x
      value: 0
      objectReference: {fileID: 0}
    - target: {fileID: -8679921383154817045, guid: 3b7f2d35d0410e04ea2849f11fcba2cb,
        type: 3}
      propertyPath: m_LocalRotation.y
      value: 0
      objectReference: {fileID: 0}
    - target: {fileID: -8679921383154817045, guid: 3b7f2d35d0410e04ea2849f11fcba2cb,
        type: 3}
      propertyPath: m_LocalRotation.z
      value: 0
      objectReference: {fileID: 0}
    - target: {fileID: -8679921383154817045, guid: 3b7f2d35d0410e04ea2849f11fcba2cb,
        type: 3}
      propertyPath: m_LocalRotation.w
      value: 1
      objectReference: {fileID: 0}
    - target: {fileID: -8679921383154817045, guid: 3b7f2d35d0410e04ea2849f11fcba2cb,
        type: 3}
      propertyPath: m_RootOrder
      value: 1
      objectReference: {fileID: 0}
    - target: {fileID: -8679921383154817045, guid: 3b7f2d35d0410e04ea2849f11fcba2cb,
        type: 3}
      propertyPath: m_LocalEulerAnglesHint.x
      value: 0
      objectReference: {fileID: 0}
    - target: {fileID: -8679921383154817045, guid: 3b7f2d35d0410e04ea2849f11fcba2cb,
        type: 3}
      propertyPath: m_LocalEulerAnglesHint.y
      value: 0
      objectReference: {fileID: 0}
    - target: {fileID: -8679921383154817045, guid: 3b7f2d35d0410e04ea2849f11fcba2cb,
        type: 3}
      propertyPath: m_LocalEulerAnglesHint.z
      value: 0
      objectReference: {fileID: 0}
    - target: {fileID: -8679921383154817045, guid: 3b7f2d35d0410e04ea2849f11fcba2cb,
        type: 3}
      propertyPath: m_LocalScale.x
      value: 2
      objectReference: {fileID: 0}
    - target: {fileID: -8679921383154817045, guid: 3b7f2d35d0410e04ea2849f11fcba2cb,
        type: 3}
      propertyPath: m_LocalScale.y
      value: 2
      objectReference: {fileID: 0}
    - target: {fileID: -8679921383154817045, guid: 3b7f2d35d0410e04ea2849f11fcba2cb,
        type: 3}
      propertyPath: m_LocalScale.z
      value: 2
      objectReference: {fileID: 0}
    - target: {fileID: 919132149155446097, guid: 3b7f2d35d0410e04ea2849f11fcba2cb,
        type: 3}
      propertyPath: m_Name
      value: Rock12_AN
      objectReference: {fileID: 0}
    - target: {fileID: 919132149155446097, guid: 3b7f2d35d0410e04ea2849f11fcba2cb,
        type: 3}
      propertyPath: m_TagString
      value: DestructibleObstacle
      objectReference: {fileID: 0}
    - target: {fileID: 919132149155446097, guid: 3b7f2d35d0410e04ea2849f11fcba2cb,
        type: 3}
      propertyPath: m_Layer
      value: 9
      objectReference: {fileID: 0}
    - target: {fileID: 2042770912745909469, guid: 3b7f2d35d0410e04ea2849f11fcba2cb,
        type: 3}
      propertyPath: m_TagString
      value: DestructibleObstacle
      objectReference: {fileID: 0}
    - target: {fileID: 2042770912745909469, guid: 3b7f2d35d0410e04ea2849f11fcba2cb,
        type: 3}
      propertyPath: m_Layer
      value: 9
      objectReference: {fileID: 0}
    - target: {fileID: 3613108396973556319, guid: 3b7f2d35d0410e04ea2849f11fcba2cb,
        type: 3}
      propertyPath: m_TagString
      value: DestructibleObstacle
      objectReference: {fileID: 0}
    - target: {fileID: 3613108396973556319, guid: 3b7f2d35d0410e04ea2849f11fcba2cb,
        type: 3}
      propertyPath: m_Layer
      value: 9
      objectReference: {fileID: 0}
    - target: {fileID: 6403942137128591009, guid: 3b7f2d35d0410e04ea2849f11fcba2cb,
        type: 3}
      propertyPath: m_TagString
      value: DestructibleObstacle
      objectReference: {fileID: 0}
    - target: {fileID: 6403942137128591009, guid: 3b7f2d35d0410e04ea2849f11fcba2cb,
        type: 3}
      propertyPath: m_Layer
      value: 9
      objectReference: {fileID: 0}
    m_RemovedComponents:
    - {fileID: 4358160830978999428, guid: 3b7f2d35d0410e04ea2849f11fcba2cb, type: 3}
    - {fileID: 8015374651549319008, guid: 3b7f2d35d0410e04ea2849f11fcba2cb, type: 3}
  m_SourcePrefab: {fileID: 100100000, guid: 3b7f2d35d0410e04ea2849f11fcba2cb, type: 3}
--- !u!1 &7564005017741961079 stripped
GameObject:
  m_CorrespondingSourceObject: {fileID: 919132149155446097, guid: 3b7f2d35d0410e04ea2849f11fcba2cb,
    type: 3}
  m_PrefabInstance: {fileID: 7222040615591418406}
  m_PrefabAsset: {fileID: 0}
--- !u!4 &7184207672289820109 stripped
Transform:
  m_CorrespondingSourceObject: {fileID: -8679921383154817045, guid: 3b7f2d35d0410e04ea2849f11fcba2cb,
    type: 3}
  m_PrefabInstance: {fileID: 7222040615591418406}
  m_PrefabAsset: {fileID: 0}
--- !u!23 &4462936591262142384 stripped
MeshRenderer:
  m_CorrespondingSourceObject: {fileID: 6473465427442849174, guid: 3b7f2d35d0410e04ea2849f11fcba2cb,
    type: 3}
  m_PrefabInstance: {fileID: 7222040615591418406}
  m_PrefabAsset: {fileID: 0}
--- !u!23 &6215010905536661902 stripped
MeshRenderer:
  m_CorrespondingSourceObject: {fileID: -5586169084645207128, guid: 3b7f2d35d0410e04ea2849f11fcba2cb,
    type: 3}
  m_PrefabInstance: {fileID: 7222040615591418406}
  m_PrefabAsset: {fileID: 0}
--- !u!23 &4302763748076332416 stripped
MeshRenderer:
  m_CorrespondingSourceObject: {fileID: -2337461141354987610, guid: 3b7f2d35d0410e04ea2849f11fcba2cb,
    type: 3}
  m_PrefabInstance: {fileID: 7222040615591418406}
  m_PrefabAsset: {fileID: 0}
--- !u!23 &260271806758927670 stripped
MeshRenderer:
  m_CorrespondingSourceObject: {fileID: 7468512417525212944, guid: 3b7f2d35d0410e04ea2849f11fcba2cb,
    type: 3}
  m_PrefabInstance: {fileID: 7222040615591418406}
  m_PrefabAsset: {fileID: 0}
