%YAML 1.1
%TAG !u! tag:unity3d.com,2011:
--- !u!1 &8265639078247177990
GameObject:
  m_ObjectHideFlags: 0
  m_CorrespondingSourceObject: {fileID: 0}
  m_PrefabInstance: {fileID: 0}
  m_PrefabAsset: {fileID: 0}
  serializedVersion: 6
  m_Component:
  - component: {fileID: 8265639078247177985}
  - component: {fileID: 5653973671230776373}
  - component: {fileID: 3533892350673320993}
  m_Layer: 0
  m_Name: Rock1_SN
  m_TagString: DestructibleObstacle
  m_Icon: {fileID: 0}
  m_NavMeshLayer: 0
  m_StaticEditorFlags: 0
  m_IsActive: 1
--- !u!4 &8265639078247177985
Transform:
  m_ObjectHideFlags: 0
  m_CorrespondingSourceObject: {fileID: 0}
  m_PrefabInstance: {fileID: 0}
  m_PrefabAsset: {fileID: 0}
  m_GameObject: {fileID: 8265639078247177990}
  m_LocalRotation: {x: 0, y: 0, z: 0, w: 1}
  m_LocalPosition: {x: 0, y: 0, z: 0}
  m_LocalScale: {x: 1, y: 1, z: 1}
  m_Children:
  - {fileID: 8265639078755440224}
  - {fileID: 8448695243461904994}
  m_Father: {fileID: 0}
  m_RootOrder: 0
  m_LocalEulerAnglesHint: {x: 0, y: 0, z: 0}
--- !u!114 &5653973671230776373
MonoBehaviour:
  m_ObjectHideFlags: 0
  m_CorrespondingSourceObject: {fileID: 0}
  m_PrefabInstance: {fileID: 0}
  m_PrefabAsset: {fileID: 0}
  m_GameObject: {fileID: 8265639078247177990}
  m_Enabled: 1
  m_EditorHideFlags: 0
  m_Script: {fileID: 11500000, guid: a8e642bc047967b49b9d04d94ddf045a, type: 3}
  m_Name: 
  m_EditorClassIdentifier: 
  isATree: 0
  isAStalactite: 0
  isFlying: 0
--- !u!54 &3533892350673320993
Rigidbody:
  m_ObjectHideFlags: 0
  m_CorrespondingSourceObject: {fileID: 0}
  m_PrefabInstance: {fileID: 0}
  m_PrefabAsset: {fileID: 0}
  m_GameObject: {fileID: 8265639078247177990}
  serializedVersion: 2
  m_Mass: 1
  m_Drag: 0
  m_AngularDrag: 0.05
  m_UseGravity: 1
  m_IsKinematic: 1
  m_Interpolate: 0
  m_Constraints: 0
  m_CollisionDetection: 0
--- !u!1 &8265639078755440225
GameObject:
  m_ObjectHideFlags: 0
  m_CorrespondingSourceObject: {fileID: 0}
  m_PrefabInstance: {fileID: 0}
  m_PrefabAsset: {fileID: 0}
  serializedVersion: 6
  m_Component:
  - component: {fileID: 8265639078755440224}
  - component: {fileID: 8265639078755440227}
  m_Layer: 10
  m_Name: ObstacleTrigger
  m_TagString: DestructibleObstacle
  m_Icon: {fileID: 0}
  m_NavMeshLayer: 0
  m_StaticEditorFlags: 0
  m_IsActive: 1
--- !u!4 &8265639078755440224
Transform:
  m_ObjectHideFlags: 0
  m_CorrespondingSourceObject: {fileID: 0}
  m_PrefabInstance: {fileID: 0}
  m_PrefabAsset: {fileID: 0}
  m_GameObject: {fileID: 8265639078755440225}
  m_LocalRotation: {x: -0.7071068, y: 0, z: 0, w: 0.7071068}
  m_LocalPosition: {x: 0, y: 0, z: 0}
  m_LocalScale: {x: 200, y: 200, z: 200}
  m_Children: []
  m_Father: {fileID: 8265639078247177985}
  m_RootOrder: 0
  m_LocalEulerAnglesHint: {x: -90, y: 0, z: 0}
--- !u!64 &8265639078755440227
MeshCollider:
  m_ObjectHideFlags: 0
  m_CorrespondingSourceObject: {fileID: 0}
  m_PrefabInstance: {fileID: 0}
  m_PrefabAsset: {fileID: 0}
  m_GameObject: {fileID: 8265639078755440225}
  m_Material: {fileID: 0}
  m_IsTrigger: 1
  m_Enabled: 1
  serializedVersion: 4
  m_Convex: 1
  m_CookingOptions: 30
  m_Mesh: {fileID: 8531949725591786380, guid: a3d9749ff46bece47bc8440d7666a7d8, type: 3}
--- !u!205 &7624689999738518062
LODGroup:
  m_ObjectHideFlags: 0
  m_CorrespondingSourceObject: {fileID: 0}
  m_PrefabInstance: {fileID: 0}
  m_PrefabAsset: {fileID: 0}
  m_GameObject: {fileID: 9111937783360131288}
  serializedVersion: 2
  m_LocalReferencePoint: {x: 0.20930314, y: 0.34592986, z: -0.036104083}
  m_Size: 3.8005052
  m_FadeMode: 0
  m_AnimateCrossFading: 0
  m_LastLODIsBillboard: 0
  m_LODs:
  - screenRelativeHeight: 0.024322994
    fadeTransitionWidth: 0
    renderers:
    - renderer: {fileID: 7392222939977871664}
  - screenRelativeHeight: 0.004496895
    fadeTransitionWidth: 0
    renderers:
    - renderer: {fileID: 1049938129816535775}
  m_Enabled: 1
--- !u!1001 &8265639078786575753
PrefabInstance:
  m_ObjectHideFlags: 0
  serializedVersion: 2
  m_Modification:
    m_TransformParent: {fileID: 8265639078247177985}
    m_Modifications:
    - target: {fileID: -8679921383154817045, guid: a3d9749ff46bece47bc8440d7666a7d8,
        type: 3}
      propertyPath: m_LocalPosition.x
      value: 0
      objectReference: {fileID: 0}
    - target: {fileID: -8679921383154817045, guid: a3d9749ff46bece47bc8440d7666a7d8,
        type: 3}
      propertyPath: m_LocalPosition.y
      value: 0
      objectReference: {fileID: 0}
    - target: {fileID: -8679921383154817045, guid: a3d9749ff46bece47bc8440d7666a7d8,
        type: 3}
      propertyPath: m_LocalPosition.z
      value: 0
      objectReference: {fileID: 0}
    - target: {fileID: -8679921383154817045, guid: a3d9749ff46bece47bc8440d7666a7d8,
        type: 3}
      propertyPath: m_LocalRotation.x
      value: 0
      objectReference: {fileID: 0}
    - target: {fileID: -8679921383154817045, guid: a3d9749ff46bece47bc8440d7666a7d8,
        type: 3}
      propertyPath: m_LocalRotation.y
      value: 0
      objectReference: {fileID: 0}
    - target: {fileID: -8679921383154817045, guid: a3d9749ff46bece47bc8440d7666a7d8,
        type: 3}
      propertyPath: m_LocalRotation.z
      value: 0
      objectReference: {fileID: 0}
    - target: {fileID: -8679921383154817045, guid: a3d9749ff46bece47bc8440d7666a7d8,
        type: 3}
      propertyPath: m_LocalRotation.w
      value: 1
      objectReference: {fileID: 0}
    - target: {fileID: -8679921383154817045, guid: a3d9749ff46bece47bc8440d7666a7d8,
        type: 3}
      propertyPath: m_RootOrder
      value: 1
      objectReference: {fileID: 0}
    - target: {fileID: -8679921383154817045, guid: a3d9749ff46bece47bc8440d7666a7d8,
        type: 3}
      propertyPath: m_LocalEulerAnglesHint.x
      value: 0
      objectReference: {fileID: 0}
    - target: {fileID: -8679921383154817045, guid: a3d9749ff46bece47bc8440d7666a7d8,
        type: 3}
      propertyPath: m_LocalEulerAnglesHint.y
      value: 0
      objectReference: {fileID: 0}
    - target: {fileID: -8679921383154817045, guid: a3d9749ff46bece47bc8440d7666a7d8,
        type: 3}
      propertyPath: m_LocalEulerAnglesHint.z
      value: 0
      objectReference: {fileID: 0}
    - target: {fileID: -8679921383154817045, guid: a3d9749ff46bece47bc8440d7666a7d8,
        type: 3}
      propertyPath: m_LocalScale.x
      value: 2
      objectReference: {fileID: 0}
    - target: {fileID: -8679921383154817045, guid: a3d9749ff46bece47bc8440d7666a7d8,
        type: 3}
      propertyPath: m_LocalScale.y
      value: 2
      objectReference: {fileID: 0}
    - target: {fileID: -8679921383154817045, guid: a3d9749ff46bece47bc8440d7666a7d8,
        type: 3}
      propertyPath: m_LocalScale.z
      value: 2
      objectReference: {fileID: 0}
    - target: {fileID: -8286618308001484738, guid: a3d9749ff46bece47bc8440d7666a7d8,
        type: 3}
      propertyPath: m_Layer
      value: 9
      objectReference: {fileID: 0}
    - target: {fileID: -8286618308001484738, guid: a3d9749ff46bece47bc8440d7666a7d8,
        type: 3}
      propertyPath: m_TagString
      value: DestructibleObstacle
      objectReference: {fileID: 0}
    - target: {fileID: 919132149155446097, guid: a3d9749ff46bece47bc8440d7666a7d8,
        type: 3}
      propertyPath: m_Name
      value: Rock1_SN
      objectReference: {fileID: 0}
    - target: {fileID: 919132149155446097, guid: a3d9749ff46bece47bc8440d7666a7d8,
        type: 3}
      propertyPath: m_TagString
      value: DestructibleObstacle
      objectReference: {fileID: 0}
    - target: {fileID: 919132149155446097, guid: a3d9749ff46bece47bc8440d7666a7d8,
        type: 3}
      propertyPath: m_Layer
      value: 9
      objectReference: {fileID: 0}
    - target: {fileID: 7033688420768526352, guid: a3d9749ff46bece47bc8440d7666a7d8,
        type: 3}
      propertyPath: m_Layer
      value: 9
      objectReference: {fileID: 0}
    m_RemovedComponents:
    - {fileID: 4211773894369921173, guid: a3d9749ff46bece47bc8440d7666a7d8, type: 3}
  m_SourcePrefab: {fileID: 100100000, guid: a3d9749ff46bece47bc8440d7666a7d8, type: 3}
--- !u!1 &9111937783360131288 stripped
GameObject:
  m_CorrespondingSourceObject: {fileID: 919132149155446097, guid: a3d9749ff46bece47bc8440d7666a7d8,
    type: 3}
  m_PrefabInstance: {fileID: 8265639078786575753}
  m_PrefabAsset: {fileID: 0}
--- !u!4 &8448695243461904994 stripped
Transform:
  m_CorrespondingSourceObject: {fileID: -8679921383154817045, guid: a3d9749ff46bece47bc8440d7666a7d8,
    type: 3}
  m_PrefabInstance: {fileID: 8265639078786575753}
  m_PrefabAsset: {fileID: 0}
--- !u!23 &7392222939977871664 stripped
MeshRenderer:
  m_CorrespondingSourceObject: {fileID: 1451005067396570297, guid: a3d9749ff46bece47bc8440d7666a7d8,
    type: 3}
  m_PrefabInstance: {fileID: 8265639078786575753}
  m_PrefabAsset: {fileID: 0}
--- !u!23 &1049938129816535775 stripped
MeshRenderer:
  m_CorrespondingSourceObject: {fileID: -277160663213445290, guid: a3d9749ff46bece47bc8440d7666a7d8,
    type: 3}
  m_PrefabInstance: {fileID: 8265639078786575753}
  m_PrefabAsset: {fileID: 0}
