%YAML 1.1
%TAG !u! tag:unity3d.com,2011:
--- !u!205 &7565587039316365442
LODGroup:
  m_ObjectHideFlags: 0
  m_CorrespondingSourceObject: {fileID: 0}
  m_PrefabInstance: {fileID: 0}
  m_PrefabAsset: {fileID: 0}
  m_GameObject: {fileID: 2349878892731635862}
  serializedVersion: 2
  m_LocalReferencePoint: {x: 0.5840503, y: 1.0244284, z: -0.33411312}
  m_Size: 10.213907
  m_FadeMode: 0
  m_AnimateCrossFading: 0
  m_LastLODIsBillboard: 0
  m_LODs:
  - screenRelativeHeight: 0.024901787
    fadeTransitionWidth: 0
    renderers:
    - renderer: {fileID: 3443802357483699400}
    - renderer: {fileID: 5018894930459215640}
  - screenRelativeHeight: 0.014120549
    fadeTransitionWidth: 0
    renderers:
    - renderer: {fileID: 7489747705081709955}
    - renderer: {fileID: 4412346018147767207}
  - screenRelativeHeight: 0.0056217806
    fadeTransitionWidth: 0
    renderers:
    - renderer: {fileID: 129223113657776717}
    - renderer: {fileID: 871831402389097218}
  m_Enabled: 1
--- !u!1 &3196741782035269092
GameObject:
  m_ObjectHideFlags: 0
  m_CorrespondingSourceObject: {fileID: 0}
  m_PrefabInstance: {fileID: 0}
  m_PrefabAsset: {fileID: 0}
  serializedVersion: 6
  m_Component:
  - component: {fileID: 3196741782035269093}
  - component: {fileID: -2017556878036360115}
  - component: {fileID: 3668568049940981585}
  m_Layer: 0
  m_Name: RockBig2_AN
  m_TagString: NoDestructibleObstacle
  m_Icon: {fileID: 0}
  m_NavMeshLayer: 0
  m_StaticEditorFlags: 0
  m_IsActive: 1
--- !u!4 &3196741782035269093
Transform:
  m_ObjectHideFlags: 0
  m_CorrespondingSourceObject: {fileID: 0}
  m_PrefabInstance: {fileID: 0}
  m_PrefabAsset: {fileID: 0}
  m_GameObject: {fileID: 3196741782035269092}
  m_LocalRotation: {x: 0, y: 0, z: 0, w: 1}
  m_LocalPosition: {x: 0, y: 0, z: 0}
  m_LocalScale: {x: 1, y: 1, z: 1}
  m_Children:
  - {fileID: 3159172658546164268}
  m_Father: {fileID: 0}
  m_RootOrder: 0
  m_LocalEulerAnglesHint: {x: 0, y: 0, z: 0}
--- !u!114 &-2017556878036360115
MonoBehaviour:
  m_ObjectHideFlags: 0
  m_CorrespondingSourceObject: {fileID: 0}
  m_PrefabInstance: {fileID: 0}
  m_PrefabAsset: {fileID: 0}
  m_GameObject: {fileID: 3196741782035269092}
  m_Enabled: 1
  m_EditorHideFlags: 0
  m_Script: {fileID: 11500000, guid: a8e642bc047967b49b9d04d94ddf045a, type: 3}
  m_Name: 
  m_EditorClassIdentifier: 
  isATree: 0
  isAStalactite: 0
  isFlying: 0
--- !u!54 &3668568049940981585
Rigidbody:
  m_ObjectHideFlags: 0
  m_CorrespondingSourceObject: {fileID: 0}
  m_PrefabInstance: {fileID: 0}
  m_PrefabAsset: {fileID: 0}
  m_GameObject: {fileID: 3196741782035269092}
  serializedVersion: 2
  m_Mass: 1
  m_Drag: 0
  m_AngularDrag: 0.05
  m_UseGravity: 1
  m_IsKinematic: 1
  m_Interpolate: 0
  m_Constraints: 0
  m_CollisionDetection: 0
--- !u!1001 &3196741783270204871
PrefabInstance:
  m_ObjectHideFlags: 0
  serializedVersion: 2
  m_Modification:
    m_TransformParent: {fileID: 3196741782035269093}
    m_Modifications:
    - target: {fileID: -9172557147872066813, guid: c04a61fc3914c99468da6cc0f364a861,
        type: 3}
      propertyPath: m_TagString
      value: Sol
      objectReference: {fileID: 0}
    - target: {fileID: -9172557147872066813, guid: c04a61fc3914c99468da6cc0f364a861,
        type: 3}
      propertyPath: m_Layer
      value: 9
      objectReference: {fileID: 0}
    - target: {fileID: -8679921383154817045, guid: c04a61fc3914c99468da6cc0f364a861,
        type: 3}
      propertyPath: m_LocalPosition.x
      value: 0
      objectReference: {fileID: 0}
    - target: {fileID: -8679921383154817045, guid: c04a61fc3914c99468da6cc0f364a861,
        type: 3}
      propertyPath: m_LocalPosition.y
      value: 0
      objectReference: {fileID: 0}
    - target: {fileID: -8679921383154817045, guid: c04a61fc3914c99468da6cc0f364a861,
        type: 3}
      propertyPath: m_LocalPosition.z
      value: 0
      objectReference: {fileID: 0}
    - target: {fileID: -8679921383154817045, guid: c04a61fc3914c99468da6cc0f364a861,
        type: 3}
      propertyPath: m_LocalRotation.x
      value: 0
      objectReference: {fileID: 0}
    - target: {fileID: -8679921383154817045, guid: c04a61fc3914c99468da6cc0f364a861,
        type: 3}
      propertyPath: m_LocalRotation.y
      value: 0
      objectReference: {fileID: 0}
    - target: {fileID: -8679921383154817045, guid: c04a61fc3914c99468da6cc0f364a861,
        type: 3}
      propertyPath: m_LocalRotation.z
      value: 0
      objectReference: {fileID: 0}
    - target: {fileID: -8679921383154817045, guid: c04a61fc3914c99468da6cc0f364a861,
        type: 3}
      propertyPath: m_LocalRotation.w
      value: 1
      objectReference: {fileID: 0}
    - target: {fileID: -8679921383154817045, guid: c04a61fc3914c99468da6cc0f364a861,
        type: 3}
      propertyPath: m_RootOrder
      value: 0
      objectReference: {fileID: 0}
    - target: {fileID: -8679921383154817045, guid: c04a61fc3914c99468da6cc0f364a861,
        type: 3}
      propertyPath: m_LocalEulerAnglesHint.x
      value: 0
      objectReference: {fileID: 0}
    - target: {fileID: -8679921383154817045, guid: c04a61fc3914c99468da6cc0f364a861,
        type: 3}
      propertyPath: m_LocalEulerAnglesHint.y
      value: 0
      objectReference: {fileID: 0}
    - target: {fileID: -8679921383154817045, guid: c04a61fc3914c99468da6cc0f364a861,
        type: 3}
      propertyPath: m_LocalEulerAnglesHint.z
      value: 0
      objectReference: {fileID: 0}
    - target: {fileID: -8679921383154817045, guid: c04a61fc3914c99468da6cc0f364a861,
        type: 3}
      propertyPath: m_LocalScale.x
      value: 10
      objectReference: {fileID: 0}
    - target: {fileID: -8679921383154817045, guid: c04a61fc3914c99468da6cc0f364a861,
        type: 3}
      propertyPath: m_LocalScale.y
      value: 10
      objectReference: {fileID: 0}
    - target: {fileID: -8679921383154817045, guid: c04a61fc3914c99468da6cc0f364a861,
        type: 3}
      propertyPath: m_LocalScale.z
      value: 10
      objectReference: {fileID: 0}
    - target: {fileID: -6000834714503018714, guid: c04a61fc3914c99468da6cc0f364a861,
        type: 3}
      propertyPath: m_TagString
      value: Sol
      objectReference: {fileID: 0}
    - target: {fileID: -6000834714503018714, guid: c04a61fc3914c99468da6cc0f364a861,
        type: 3}
      propertyPath: m_Layer
      value: 9
      objectReference: {fileID: 0}
    - target: {fileID: -4527525219433594077, guid: c04a61fc3914c99468da6cc0f364a861,
        type: 3}
      propertyPath: m_TagString
      value: NoDestructibleObstacle
      objectReference: {fileID: 0}
    - target: {fileID: -4527525219433594077, guid: c04a61fc3914c99468da6cc0f364a861,
        type: 3}
      propertyPath: m_Layer
      value: 9
      objectReference: {fileID: 0}
    - target: {fileID: -3081870747151124421, guid: c04a61fc3914c99468da6cc0f364a861,
        type: 3}
      propertyPath: m_TagString
      value: NoDestructibleObstacle
      objectReference: {fileID: 0}
    - target: {fileID: -3081870747151124421, guid: c04a61fc3914c99468da6cc0f364a861,
        type: 3}
      propertyPath: m_Layer
      value: 9
      objectReference: {fileID: 0}
    - target: {fileID: 919132149155446097, guid: c04a61fc3914c99468da6cc0f364a861,
        type: 3}
      propertyPath: m_Name
      value: RockBig2_AN
      objectReference: {fileID: 0}
    - target: {fileID: 919132149155446097, guid: c04a61fc3914c99468da6cc0f364a861,
        type: 3}
      propertyPath: m_TagString
      value: NoDestructibleObstacle
      objectReference: {fileID: 0}
    - target: {fileID: 919132149155446097, guid: c04a61fc3914c99468da6cc0f364a861,
        type: 3}
      propertyPath: m_Layer
      value: 9
      objectReference: {fileID: 0}
    - target: {fileID: 3674382497281879554, guid: c04a61fc3914c99468da6cc0f364a861,
        type: 3}
      propertyPath: m_TagString
      value: Sol
      objectReference: {fileID: 0}
    - target: {fileID: 3674382497281879554, guid: c04a61fc3914c99468da6cc0f364a861,
        type: 3}
      propertyPath: m_Layer
      value: 9
      objectReference: {fileID: 0}
    - target: {fileID: 8674963479766699539, guid: c04a61fc3914c99468da6cc0f364a861,
        type: 3}
      propertyPath: m_TagString
      value: NoDestructibleObstacle
      objectReference: {fileID: 0}
    - target: {fileID: 8674963479766699539, guid: c04a61fc3914c99468da6cc0f364a861,
        type: 3}
      propertyPath: m_Layer
      value: 9
      objectReference: {fileID: 0}
    m_RemovedComponents:
    - {fileID: -5173534909239564418, guid: c04a61fc3914c99468da6cc0f364a861, type: 3}
    - {fileID: 285383062700667834, guid: c04a61fc3914c99468da6cc0f364a861, type: 3}
    - {fileID: -917808176922349505, guid: c04a61fc3914c99468da6cc0f364a861, type: 3}
    - {fileID: -8017882683080389824, guid: c04a61fc3914c99468da6cc0f364a861, type: 3}
  m_SourcePrefab: {fileID: 100100000, guid: c04a61fc3914c99468da6cc0f364a861, type: 3}
--- !u!1 &2349878892731635862 stripped
GameObject:
  m_CorrespondingSourceObject: {fileID: 919132149155446097, guid: c04a61fc3914c99468da6cc0f364a861,
    type: 3}
  m_PrefabInstance: {fileID: 3196741783270204871}
  m_PrefabAsset: {fileID: 0}
--- !u!4 &3159172658546164268 stripped
Transform:
  m_CorrespondingSourceObject: {fileID: -8679921383154817045, guid: c04a61fc3914c99468da6cc0f364a861,
    type: 3}
  m_PrefabInstance: {fileID: 3196741783270204871}
  m_PrefabAsset: {fileID: 0}
--- !u!23 &3443802357483699400 stripped
MeshRenderer:
  m_CorrespondingSourceObject: {fileID: -8964471917271590641, guid: c04a61fc3914c99468da6cc0f364a861,
    type: 3}
  m_PrefabInstance: {fileID: 3196741783270204871}
  m_PrefabAsset: {fileID: 0}
--- !u!23 &5018894930459215640 stripped
MeshRenderer:
  m_CorrespondingSourceObject: {fileID: -1586487595838217505, guid: c04a61fc3914c99468da6cc0f364a861,
    type: 3}
  m_PrefabInstance: {fileID: 3196741783270204871}
  m_PrefabAsset: {fileID: 0}
--- !u!23 &7489747705081709955 stripped
MeshRenderer:
  m_CorrespondingSourceObject: {fileID: 5453285667612745796, guid: c04a61fc3914c99468da6cc0f364a861,
    type: 3}
  m_PrefabInstance: {fileID: 3196741783270204871}
  m_PrefabAsset: {fileID: 0}
--- !u!23 &4412346018147767207 stripped
MeshRenderer:
  m_CorrespondingSourceObject: {fileID: 1253925827783341664, guid: c04a61fc3914c99468da6cc0f364a861,
    type: 3}
  m_PrefabInstance: {fileID: 3196741783270204871}
  m_PrefabAsset: {fileID: 0}
--- !u!23 &129223113657776717 stripped
MeshRenderer:
  m_CorrespondingSourceObject: {fileID: 3284826216446517130, guid: c04a61fc3914c99468da6cc0f364a861,
    type: 3}
  m_PrefabInstance: {fileID: 3196741783270204871}
  m_PrefabAsset: {fileID: 0}
--- !u!23 &871831402389097218 stripped
MeshRenderer:
  m_CorrespondingSourceObject: {fileID: -6898312053638369595, guid: c04a61fc3914c99468da6cc0f364a861,
    type: 3}
  m_PrefabInstance: {fileID: 3196741783270204871}
  m_PrefabAsset: {fileID: 0}
