%YAML 1.1
%TAG !u! tag:unity3d.com,2011:
--- !u!205 &4402661016593396989
LODGroup:
  m_ObjectHideFlags: 0
  m_CorrespondingSourceObject: {fileID: 0}
  m_PrefabInstance: {fileID: 0}
  m_PrefabAsset: {fileID: 0}
  m_GameObject: {fileID: 7470491642587163311}
  serializedVersion: 2
  m_LocalReferencePoint: {x: 0.09056413, y: 0.67015004, z: -0.24272513}
  m_Size: 3.9058156
  m_FadeMode: 0
  m_AnimateCrossFading: 0
  m_LastLODIsBillboard: 0
  m_LODs:
  - screenRelativeHeight: 0.019408165
    fadeTransitionWidth: 0
    renderers:
    - renderer: {fileID: 5920631225809042755}
  - screenRelativeHeight: 0.004496895
    fadeTransitionWidth: 0
    renderers:
    - renderer: {fileID: 7776242168589222530}
  m_Enabled: 1
--- !u!1 &7741104194073761180
GameObject:
  m_ObjectHideFlags: 0
  m_CorrespondingSourceObject: {fileID: 0}
  m_PrefabInstance: {fileID: 0}
  m_PrefabAsset: {fileID: 0}
  serializedVersion: 6
  m_Component:
  - component: {fileID: 7741104194073761183}
  - component: {fileID: 7741104194073761182}
  m_Layer: 10
  m_Name: ObstacleTrigger
  m_TagString: DestructibleObstacle
  m_Icon: {fileID: 0}
  m_NavMeshLayer: 0
  m_StaticEditorFlags: 0
  m_IsActive: 1
--- !u!4 &7741104194073761183
Transform:
  m_ObjectHideFlags: 0
  m_CorrespondingSourceObject: {fileID: 0}
  m_PrefabInstance: {fileID: 0}
  m_PrefabAsset: {fileID: 0}
  m_GameObject: {fileID: 7741104194073761180}
  m_LocalRotation: {x: -0.7071068, y: 0, z: 0, w: 0.7071068}
  m_LocalPosition: {x: 0, y: 0, z: 0}
  m_LocalScale: {x: 200, y: 200, z: 200}
  m_Children: []
  m_Father: {fileID: 7741104194816999569}
  m_RootOrder: 0
  m_LocalEulerAnglesHint: {x: -90, y: 0, z: 0}
--- !u!64 &7741104194073761182
MeshCollider:
  m_ObjectHideFlags: 0
  m_CorrespondingSourceObject: {fileID: 0}
  m_PrefabInstance: {fileID: 0}
  m_PrefabAsset: {fileID: 0}
  m_GameObject: {fileID: 7741104194073761180}
  m_Material: {fileID: 0}
  m_IsTrigger: 1
  m_Enabled: 1
  serializedVersion: 4
  m_Convex: 1
  m_CookingOptions: 30
  m_Mesh: {fileID: -4271702785918507054, guid: bbc0944b9ac3e654ca756556bbcef097, type: 3}
--- !u!1 &7741104194816999574
GameObject:
  m_ObjectHideFlags: 0
  m_CorrespondingSourceObject: {fileID: 0}
  m_PrefabInstance: {fileID: 0}
  m_PrefabAsset: {fileID: 0}
  serializedVersion: 6
  m_Component:
  - component: {fileID: 7741104194816999569}
  - component: {fileID: -2924567800843620408}
  - component: {fileID: -8448776711464243405}
  m_Layer: 0
  m_Name: Rock10_SN
  m_TagString: DestructibleObstacle
  m_Icon: {fileID: 0}
  m_NavMeshLayer: 0
  m_StaticEditorFlags: 0
  m_IsActive: 1
--- !u!4 &7741104194816999569
Transform:
  m_ObjectHideFlags: 0
  m_CorrespondingSourceObject: {fileID: 0}
  m_PrefabInstance: {fileID: 0}
  m_PrefabAsset: {fileID: 0}
  m_GameObject: {fileID: 7741104194816999574}
  m_LocalRotation: {x: 0, y: 0, z: 0, w: 1}
  m_LocalPosition: {x: 0, y: 0, z: 0}
  m_LocalScale: {x: 1, y: 1, z: 1}
  m_Children:
  - {fileID: 7741104194073761183}
  - {fileID: 7847333497078214677}
  m_Father: {fileID: 0}
  m_RootOrder: 0
  m_LocalEulerAnglesHint: {x: 0, y: 0, z: 0}
--- !u!114 &-2924567800843620408
MonoBehaviour:
  m_ObjectHideFlags: 0
  m_CorrespondingSourceObject: {fileID: 0}
  m_PrefabInstance: {fileID: 0}
  m_PrefabAsset: {fileID: 0}
  m_GameObject: {fileID: 7741104194816999574}
  m_Enabled: 1
  m_EditorHideFlags: 0
  m_Script: {fileID: 11500000, guid: a8e642bc047967b49b9d04d94ddf045a, type: 3}
  m_Name: 
  m_EditorClassIdentifier: 
  isATree: 0
  isAStalactite: 0
  isFlying: 0
--- !u!54 &-8448776711464243405
Rigidbody:
  m_ObjectHideFlags: 0
  m_CorrespondingSourceObject: {fileID: 0}
  m_PrefabInstance: {fileID: 0}
  m_PrefabAsset: {fileID: 0}
  m_GameObject: {fileID: 7741104194816999574}
  serializedVersion: 2
  m_Mass: 1
  m_Drag: 0
  m_AngularDrag: 0.05
  m_UseGravity: 1
  m_IsKinematic: 1
  m_Interpolate: 0
  m_Constraints: 0
  m_CollisionDetection: 0
--- !u!1001 &7741104195429963774
PrefabInstance:
  m_ObjectHideFlags: 0
  serializedVersion: 2
  m_Modification:
    m_TransformParent: {fileID: 7741104194816999569}
    m_Modifications:
    - target: {fileID: -8679921383154817045, guid: bbc0944b9ac3e654ca756556bbcef097,
        type: 3}
      propertyPath: m_LocalPosition.x
      value: 0
      objectReference: {fileID: 0}
    - target: {fileID: -8679921383154817045, guid: bbc0944b9ac3e654ca756556bbcef097,
        type: 3}
      propertyPath: m_LocalPosition.y
      value: 0
      objectReference: {fileID: 0}
    - target: {fileID: -8679921383154817045, guid: bbc0944b9ac3e654ca756556bbcef097,
        type: 3}
      propertyPath: m_LocalPosition.z
      value: 0
      objectReference: {fileID: 0}
    - target: {fileID: -8679921383154817045, guid: bbc0944b9ac3e654ca756556bbcef097,
        type: 3}
      propertyPath: m_LocalRotation.x
      value: 0
      objectReference: {fileID: 0}
    - target: {fileID: -8679921383154817045, guid: bbc0944b9ac3e654ca756556bbcef097,
        type: 3}
      propertyPath: m_LocalRotation.y
      value: 0
      objectReference: {fileID: 0}
    - target: {fileID: -8679921383154817045, guid: bbc0944b9ac3e654ca756556bbcef097,
        type: 3}
      propertyPath: m_LocalRotation.z
      value: 0
      objectReference: {fileID: 0}
    - target: {fileID: -8679921383154817045, guid: bbc0944b9ac3e654ca756556bbcef097,
        type: 3}
      propertyPath: m_LocalRotation.w
      value: 1
      objectReference: {fileID: 0}
    - target: {fileID: -8679921383154817045, guid: bbc0944b9ac3e654ca756556bbcef097,
        type: 3}
      propertyPath: m_RootOrder
      value: 1
      objectReference: {fileID: 0}
    - target: {fileID: -8679921383154817045, guid: bbc0944b9ac3e654ca756556bbcef097,
        type: 3}
      propertyPath: m_LocalEulerAnglesHint.x
      value: 0
      objectReference: {fileID: 0}
    - target: {fileID: -8679921383154817045, guid: bbc0944b9ac3e654ca756556bbcef097,
        type: 3}
      propertyPath: m_LocalEulerAnglesHint.y
      value: 0
      objectReference: {fileID: 0}
    - target: {fileID: -8679921383154817045, guid: bbc0944b9ac3e654ca756556bbcef097,
        type: 3}
      propertyPath: m_LocalEulerAnglesHint.z
      value: 0
      objectReference: {fileID: 0}
    - target: {fileID: -8679921383154817045, guid: bbc0944b9ac3e654ca756556bbcef097,
        type: 3}
      propertyPath: m_LocalScale.x
      value: 2
      objectReference: {fileID: 0}
    - target: {fileID: -8679921383154817045, guid: bbc0944b9ac3e654ca756556bbcef097,
        type: 3}
      propertyPath: m_LocalScale.y
      value: 2
      objectReference: {fileID: 0}
    - target: {fileID: -8679921383154817045, guid: bbc0944b9ac3e654ca756556bbcef097,
        type: 3}
      propertyPath: m_LocalScale.z
      value: 2
      objectReference: {fileID: 0}
    - target: {fileID: 919132149155446097, guid: bbc0944b9ac3e654ca756556bbcef097,
        type: 3}
      propertyPath: m_Name
      value: Rock13_SN
      objectReference: {fileID: 0}
    - target: {fileID: 919132149155446097, guid: bbc0944b9ac3e654ca756556bbcef097,
        type: 3}
      propertyPath: m_TagString
      value: DestructibleObstacle
      objectReference: {fileID: 0}
    - target: {fileID: 919132149155446097, guid: bbc0944b9ac3e654ca756556bbcef097,
        type: 3}
      propertyPath: m_Layer
      value: 9
      objectReference: {fileID: 0}
    - target: {fileID: 1295362278293601482, guid: bbc0944b9ac3e654ca756556bbcef097,
        type: 3}
      propertyPath: m_TagString
      value: DestructibleObstacle
      objectReference: {fileID: 0}
    - target: {fileID: 1295362278293601482, guid: bbc0944b9ac3e654ca756556bbcef097,
        type: 3}
      propertyPath: m_Layer
      value: 9
      objectReference: {fileID: 0}
    - target: {fileID: 8224309928574297230, guid: bbc0944b9ac3e654ca756556bbcef097,
        type: 3}
      propertyPath: m_TagString
      value: DestructibleObstacle
      objectReference: {fileID: 0}
    - target: {fileID: 8224309928574297230, guid: bbc0944b9ac3e654ca756556bbcef097,
        type: 3}
      propertyPath: m_Layer
      value: 9
      objectReference: {fileID: 0}
    m_RemovedComponents:
    - {fileID: 24988701623980627, guid: bbc0944b9ac3e654ca756556bbcef097, type: 3}
  m_SourcePrefab: {fileID: 100100000, guid: bbc0944b9ac3e654ca756556bbcef097, type: 3}
--- !u!1 &7470491642587163311 stripped
GameObject:
  m_CorrespondingSourceObject: {fileID: 919132149155446097, guid: bbc0944b9ac3e654ca756556bbcef097,
    type: 3}
  m_PrefabInstance: {fileID: 7741104195429963774}
  m_PrefabAsset: {fileID: 0}
--- !u!4 &7847333497078214677 stripped
Transform:
  m_CorrespondingSourceObject: {fileID: -8679921383154817045, guid: bbc0944b9ac3e654ca756556bbcef097,
    type: 3}
  m_PrefabInstance: {fileID: 7741104195429963774}
  m_PrefabAsset: {fileID: 0}
--- !u!23 &5920631225809042755 stripped
MeshRenderer:
  m_CorrespondingSourceObject: {fileID: 4127447883241581245, guid: bbc0944b9ac3e654ca756556bbcef097,
    type: 3}
  m_PrefabInstance: {fileID: 7741104195429963774}
  m_PrefabAsset: {fileID: 0}
--- !u!23 &7776242168589222530 stripped
MeshRenderer:
  m_CorrespondingSourceObject: {fileID: 38050031106725244, guid: bbc0944b9ac3e654ca756556bbcef097,
    type: 3}
  m_PrefabInstance: {fileID: 7741104195429963774}
  m_PrefabAsset: {fileID: 0}
