%YAML 1.1
%TAG !u! tag:unity3d.com,2011:
--- !u!1 &6969089638267272368
GameObject:
  m_ObjectHideFlags: 0
  m_CorrespondingSourceObject: {fileID: 0}
  m_PrefabInstance: {fileID: 0}
  m_PrefabAsset: {fileID: 0}
  serializedVersion: 6
  m_Component:
  - component: {fileID: 6969089638267272369}
  - component: {fileID: 6969089638267272370}
  m_Layer: 10
  m_Name: ObstacleTrigger
  m_TagString: DestructibleObstacle
  m_Icon: {fileID: 0}
  m_NavMeshLayer: 0
  m_StaticEditorFlags: 0
  m_IsActive: 1
--- !u!4 &6969089638267272369
Transform:
  m_ObjectHideFlags: 0
  m_CorrespondingSourceObject: {fileID: 0}
  m_PrefabInstance: {fileID: 0}
  m_PrefabAsset: {fileID: 0}
  m_GameObject: {fileID: 6969089638267272368}
  m_LocalRotation: {x: -0.7071068, y: 0, z: 0, w: 0.7071068}
  m_LocalPosition: {x: 0, y: 0, z: 0}
  m_LocalScale: {x: 500, y: 500, z: 500}
  m_Children: []
  m_Father: {fileID: 6969089639594332924}
  m_RootOrder: 0
  m_LocalEulerAnglesHint: {x: -90, y: 0, z: 0}
--- !u!64 &6969089638267272370
MeshCollider:
  m_ObjectHideFlags: 0
  m_CorrespondingSourceObject: {fileID: 0}
  m_PrefabInstance: {fileID: 0}
  m_PrefabAsset: {fileID: 0}
  m_GameObject: {fileID: 6969089638267272368}
  m_Material: {fileID: 0}
  m_IsTrigger: 1
  m_Enabled: 1
  serializedVersion: 4
  m_Convex: 1
  m_CookingOptions: 30
  m_Mesh: {fileID: 6049885414291184113, guid: 71ef3449aad521844ac941809a8fa916, type: 3}
--- !u!1 &6969089639594332923
GameObject:
  m_ObjectHideFlags: 0
  m_CorrespondingSourceObject: {fileID: 0}
  m_PrefabInstance: {fileID: 0}
  m_PrefabAsset: {fileID: 0}
  serializedVersion: 6
  m_Component:
  - component: {fileID: 6969089639594332924}
  - component: {fileID: -4078183023138945405}
  - component: {fileID: -2435450858085675792}
  m_Layer: 0
  m_Name: RockPlat3_AN
  m_TagString: DestructibleObstacle
  m_Icon: {fileID: 0}
  m_NavMeshLayer: 0
  m_StaticEditorFlags: 0
  m_IsActive: 1
--- !u!4 &6969089639594332924
Transform:
  m_ObjectHideFlags: 0
  m_CorrespondingSourceObject: {fileID: 0}
  m_PrefabInstance: {fileID: 0}
  m_PrefabAsset: {fileID: 0}
  m_GameObject: {fileID: 6969089639594332923}
  m_LocalRotation: {x: 0, y: 0, z: 0, w: 1}
  m_LocalPosition: {x: 0, y: 0, z: 0}
  m_LocalScale: {x: 1, y: 1, z: 1}
  m_Children:
  - {fileID: 6969089638267272369}
  - {fileID: 7439268629860331694}
  m_Father: {fileID: 0}
  m_RootOrder: 0
  m_LocalEulerAnglesHint: {x: 0, y: 0, z: 0}
--- !u!114 &-4078183023138945405
MonoBehaviour:
  m_ObjectHideFlags: 0
  m_CorrespondingSourceObject: {fileID: 0}
  m_PrefabInstance: {fileID: 0}
  m_PrefabAsset: {fileID: 0}
  m_GameObject: {fileID: 6969089639594332923}
  m_Enabled: 1
  m_EditorHideFlags: 0
  m_Script: {fileID: 11500000, guid: a8e642bc047967b49b9d04d94ddf045a, type: 3}
  m_Name: 
  m_EditorClassIdentifier: 
  isATree: 0
  isAStalactite: 0
  isFlying: 0
--- !u!54 &-2435450858085675792
Rigidbody:
  m_ObjectHideFlags: 0
  m_CorrespondingSourceObject: {fileID: 0}
  m_PrefabInstance: {fileID: 0}
  m_PrefabAsset: {fileID: 0}
  m_GameObject: {fileID: 6969089639594332923}
  serializedVersion: 2
  m_Mass: 1
  m_Drag: 0
  m_AngularDrag: 0.05
  m_UseGravity: 1
  m_IsKinematic: 1
  m_Interpolate: 0
  m_Constraints: 0
  m_CollisionDetection: 0
--- !u!205 &8413440377361377506
LODGroup:
  m_ObjectHideFlags: 0
  m_CorrespondingSourceObject: {fileID: 0}
  m_PrefabInstance: {fileID: 0}
  m_PrefabAsset: {fileID: 0}
  m_GameObject: {fileID: 7815513144800340500}
  serializedVersion: 2
  m_LocalReferencePoint: {x: 0.15470088, y: 0.310592, z: -0.016172409}
  m_Size: 3.767414
  m_FadeMode: 0
  m_AnimateCrossFading: 0
  m_LastLODIsBillboard: 0
  m_LODs:
  - screenRelativeHeight: 0.0206263
    fadeTransitionWidth: 0
    renderers:
    - renderer: {fileID: 2948255246030790807}
    - renderer: {fileID: 3996545565384794644}
  - screenRelativeHeight: 0.0047683055
    fadeTransitionWidth: 0
    renderers:
    - renderer: {fileID: 3825429875024029012}
    - renderer: {fileID: 492816264375716035}
  m_Enabled: 1
--- !u!1001 &6969089638006085445
PrefabInstance:
  m_ObjectHideFlags: 0
  serializedVersion: 2
  m_Modification:
    m_TransformParent: {fileID: 6969089639594332924}
    m_Modifications:
    - target: {fileID: -8679921383154817045, guid: 71ef3449aad521844ac941809a8fa916,
        type: 3}
      propertyPath: m_LocalPosition.x
      value: 0
      objectReference: {fileID: 0}
    - target: {fileID: -8679921383154817045, guid: 71ef3449aad521844ac941809a8fa916,
        type: 3}
      propertyPath: m_LocalPosition.y
      value: 0
      objectReference: {fileID: 0}
    - target: {fileID: -8679921383154817045, guid: 71ef3449aad521844ac941809a8fa916,
        type: 3}
      propertyPath: m_LocalPosition.z
      value: 0
      objectReference: {fileID: 0}
    - target: {fileID: -8679921383154817045, guid: 71ef3449aad521844ac941809a8fa916,
        type: 3}
      propertyPath: m_LocalRotation.x
      value: 0
      objectReference: {fileID: 0}
    - target: {fileID: -8679921383154817045, guid: 71ef3449aad521844ac941809a8fa916,
        type: 3}
      propertyPath: m_LocalRotation.y
      value: 0
      objectReference: {fileID: 0}
    - target: {fileID: -8679921383154817045, guid: 71ef3449aad521844ac941809a8fa916,
        type: 3}
      propertyPath: m_LocalRotation.z
      value: 0
      objectReference: {fileID: 0}
    - target: {fileID: -8679921383154817045, guid: 71ef3449aad521844ac941809a8fa916,
        type: 3}
      propertyPath: m_LocalRotation.w
      value: 1
      objectReference: {fileID: 0}
    - target: {fileID: -8679921383154817045, guid: 71ef3449aad521844ac941809a8fa916,
        type: 3}
      propertyPath: m_RootOrder
      value: 1
      objectReference: {fileID: 0}
    - target: {fileID: -8679921383154817045, guid: 71ef3449aad521844ac941809a8fa916,
        type: 3}
      propertyPath: m_LocalEulerAnglesHint.x
      value: 0
      objectReference: {fileID: 0}
    - target: {fileID: -8679921383154817045, guid: 71ef3449aad521844ac941809a8fa916,
        type: 3}
      propertyPath: m_LocalEulerAnglesHint.y
      value: 0
      objectReference: {fileID: 0}
    - target: {fileID: -8679921383154817045, guid: 71ef3449aad521844ac941809a8fa916,
        type: 3}
      propertyPath: m_LocalEulerAnglesHint.z
      value: 0
      objectReference: {fileID: 0}
    - target: {fileID: -8679921383154817045, guid: 71ef3449aad521844ac941809a8fa916,
        type: 3}
      propertyPath: m_LocalScale.x
      value: 5
      objectReference: {fileID: 0}
    - target: {fileID: -8679921383154817045, guid: 71ef3449aad521844ac941809a8fa916,
        type: 3}
      propertyPath: m_LocalScale.y
      value: 5
      objectReference: {fileID: 0}
    - target: {fileID: -8679921383154817045, guid: 71ef3449aad521844ac941809a8fa916,
        type: 3}
      propertyPath: m_LocalScale.z
      value: 5
      objectReference: {fileID: 0}
    - target: {fileID: -5355540189424841500, guid: 71ef3449aad521844ac941809a8fa916,
        type: 3}
      propertyPath: m_TagString
      value: Sol
      objectReference: {fileID: 0}
    - target: {fileID: -5355540189424841500, guid: 71ef3449aad521844ac941809a8fa916,
        type: 3}
      propertyPath: m_Layer
      value: 9
      objectReference: {fileID: 0}
    - target: {fileID: -4634100191092005311, guid: 71ef3449aad521844ac941809a8fa916,
        type: 3}
      propertyPath: m_TagString
      value: DestructibleObstacle
      objectReference: {fileID: 0}
    - target: {fileID: -4634100191092005311, guid: 71ef3449aad521844ac941809a8fa916,
        type: 3}
      propertyPath: m_Layer
      value: 9
      objectReference: {fileID: 0}
    - target: {fileID: -3602807383552998974, guid: 71ef3449aad521844ac941809a8fa916,
        type: 3}
      propertyPath: m_TagString
      value: DestructibleObstacle
      objectReference: {fileID: 0}
    - target: {fileID: -3602807383552998974, guid: 71ef3449aad521844ac941809a8fa916,
        type: 3}
      propertyPath: m_Layer
      value: 9
      objectReference: {fileID: 0}
    - target: {fileID: -828099394528388288, guid: 71ef3449aad521844ac941809a8fa916,
        type: 3}
      propertyPath: m_TagString
      value: Sol
      objectReference: {fileID: 0}
    - target: {fileID: -828099394528388288, guid: 71ef3449aad521844ac941809a8fa916,
        type: 3}
      propertyPath: m_Layer
      value: 9
      objectReference: {fileID: 0}
    - target: {fileID: 919132149155446097, guid: 71ef3449aad521844ac941809a8fa916,
        type: 3}
      propertyPath: m_Name
      value: Rockplat3_AN
      objectReference: {fileID: 0}
    - target: {fileID: 919132149155446097, guid: 71ef3449aad521844ac941809a8fa916,
        type: 3}
      propertyPath: m_TagString
      value: DestructibleObstacle
      objectReference: {fileID: 0}
    - target: {fileID: 919132149155446097, guid: 71ef3449aad521844ac941809a8fa916,
        type: 3}
      propertyPath: m_Layer
      value: 9
      objectReference: {fileID: 0}
    m_RemovedComponents:
    - {fileID: 1499936622212211002, guid: 71ef3449aad521844ac941809a8fa916, type: 3}
    - {fileID: 8607966743112048988, guid: 71ef3449aad521844ac941809a8fa916, type: 3}
  m_SourcePrefab: {fileID: 100100000, guid: 71ef3449aad521844ac941809a8fa916, type: 3}
--- !u!1 &7815513144800340500 stripped
GameObject:
  m_CorrespondingSourceObject: {fileID: 919132149155446097, guid: 71ef3449aad521844ac941809a8fa916,
    type: 3}
  m_PrefabInstance: {fileID: 6969089638006085445}
  m_PrefabAsset: {fileID: 0}
--- !u!4 &7439268629860331694 stripped
Transform:
  m_CorrespondingSourceObject: {fileID: -8679921383154817045, guid: 71ef3449aad521844ac941809a8fa916,
    type: 3}
  m_PrefabInstance: {fileID: 6969089638006085445}
  m_PrefabAsset: {fileID: 0}
--- !u!23 &2948255246030790807 stripped
MeshRenderer:
  m_CorrespondingSourceObject: {fileID: -4008941867743987758, guid: 71ef3449aad521844ac941809a8fa916,
    type: 3}
  m_PrefabInstance: {fileID: 6969089638006085445}
  m_PrefabAsset: {fileID: 0}
--- !u!23 &3996545565384794644 stripped
MeshRenderer:
  m_CorrespondingSourceObject: {fileID: 6323541091347412305, guid: 71ef3449aad521844ac941809a8fa916,
    type: 3}
  m_PrefabInstance: {fileID: 6969089638006085445}
  m_PrefabAsset: {fileID: 0}
--- !u!23 &3825429875024029012 stripped
MeshRenderer:
  m_CorrespondingSourceObject: {fileID: 6170360496949834257, guid: 71ef3449aad521844ac941809a8fa916,
    type: 3}
  m_PrefabInstance: {fileID: 6969089638006085445}
  m_PrefabAsset: {fileID: 0}
--- !u!23 &492816264375716035 stripped
MeshRenderer:
  m_CorrespondingSourceObject: {fileID: 7377454544249364358, guid: 71ef3449aad521844ac941809a8fa916,
    type: 3}
  m_PrefabInstance: {fileID: 6969089638006085445}
  m_PrefabAsset: {fileID: 0}
