%YAML 1.1
%TAG !u! tag:unity3d.com,2011:
--- !u!205 &8117998706122675867
LODGroup:
  m_ObjectHideFlags: 0
  m_CorrespondingSourceObject: {fileID: 0}
  m_PrefabInstance: {fileID: 0}
  m_PrefabAsset: {fileID: 0}
  m_GameObject: {fileID: 3826893521725964221}
  serializedVersion: 2
  m_LocalReferencePoint: {x: 0.6332412, y: 0.47267, z: 0.016699076}
  m_Size: 3.5025516
  m_FadeMode: 0
  m_AnimateCrossFading: 0
  m_LastLODIsBillboard: 0
  m_LODs:
  - screenRelativeHeight: 0.017647166
    fadeTransitionWidth: 0
    renderers:
    - renderer: {fileID: 1269359006015595927}
  - screenRelativeHeight: 0.004232024
    fadeTransitionWidth: 0
    renderers:
    - renderer: {fileID: 709047305369098878}
  m_Enabled: 1
--- !u!1 &4168840874134350183
GameObject:
  m_ObjectHideFlags: 0
  m_CorrespondingSourceObject: {fileID: 0}
  m_PrefabInstance: {fileID: 0}
  m_PrefabAsset: {fileID: 0}
  serializedVersion: 6
  m_Component:
  - component: {fileID: 4168840874134350176}
  - component: {fileID: 4168840874134350177}
  m_Layer: 10
  m_Name: ObstacleTrigger
  m_TagString: DestructibleObstacle
  m_Icon: {fileID: 0}
  m_NavMeshLayer: 0
  m_StaticEditorFlags: 0
  m_IsActive: 1
--- !u!4 &4168840874134350176
Transform:
  m_ObjectHideFlags: 0
  m_CorrespondingSourceObject: {fileID: 0}
  m_PrefabInstance: {fileID: 0}
  m_PrefabAsset: {fileID: 0}
  m_GameObject: {fileID: 4168840874134350183}
  m_LocalRotation: {x: -0.7071068, y: 0, z: 0, w: 0.7071068}
  m_LocalPosition: {x: 0, y: 0, z: 0}
  m_LocalScale: {x: 200, y: 200, z: 200}
  m_Children: []
  m_Father: {fileID: 4168840875984370892}
  m_RootOrder: 0
  m_LocalEulerAnglesHint: {x: -90, y: 0, z: 0}
--- !u!64 &4168840874134350177
MeshCollider:
  m_ObjectHideFlags: 0
  m_CorrespondingSourceObject: {fileID: 0}
  m_PrefabInstance: {fileID: 0}
  m_PrefabAsset: {fileID: 0}
  m_GameObject: {fileID: 4168840874134350183}
  m_Material: {fileID: 0}
  m_IsTrigger: 1
  m_Enabled: 1
  serializedVersion: 4
  m_Convex: 1
  m_CookingOptions: 30
  m_Mesh: {fileID: -3452584051733984304, guid: b927af786b0b3064b83fc591f35baffb, type: 3}
--- !u!1 &4168840875984370899
GameObject:
  m_ObjectHideFlags: 0
  m_CorrespondingSourceObject: {fileID: 0}
  m_PrefabInstance: {fileID: 0}
  m_PrefabAsset: {fileID: 0}
  serializedVersion: 6
  m_Component:
  - component: {fileID: 4168840875984370892}
  - component: {fileID: -2665408056325668219}
  - component: {fileID: -3381731278707375687}
  m_Layer: 0
  m_Name: Tremplin1_SN
  m_TagString: DestructibleObstacle
  m_Icon: {fileID: 0}
  m_NavMeshLayer: 0
  m_StaticEditorFlags: 0
  m_IsActive: 1
--- !u!4 &4168840875984370892
Transform:
  m_ObjectHideFlags: 0
  m_CorrespondingSourceObject: {fileID: 0}
  m_PrefabInstance: {fileID: 0}
  m_PrefabAsset: {fileID: 0}
  m_GameObject: {fileID: 4168840875984370899}
  m_LocalRotation: {x: 0, y: 0, z: 0, w: 1}
  m_LocalPosition: {x: 0, y: 0, z: 0}
  m_LocalScale: {x: 1, y: 1, z: 1}
  m_Children:
  - {fileID: 4168840874134350176}
  - {fileID: 4490101804675654919}
  m_Father: {fileID: 0}
  m_RootOrder: 0
  m_LocalEulerAnglesHint: {x: 0, y: 0, z: 0}
--- !u!114 &-2665408056325668219
MonoBehaviour:
  m_ObjectHideFlags: 0
  m_CorrespondingSourceObject: {fileID: 0}
  m_PrefabInstance: {fileID: 0}
  m_PrefabAsset: {fileID: 0}
  m_GameObject: {fileID: 4168840875984370899}
  m_Enabled: 1
  m_EditorHideFlags: 0
  m_Script: {fileID: 11500000, guid: a8e642bc047967b49b9d04d94ddf045a, type: 3}
  m_Name: 
  m_EditorClassIdentifier: 
  isATree: 0
  isAStalactite: 0
  isFlying: 0
--- !u!54 &-3381731278707375687
Rigidbody:
  m_ObjectHideFlags: 0
  m_CorrespondingSourceObject: {fileID: 0}
  m_PrefabInstance: {fileID: 0}
  m_PrefabAsset: {fileID: 0}
  m_GameObject: {fileID: 4168840875984370899}
  serializedVersion: 2
  m_Mass: 1
  m_Drag: 0
  m_AngularDrag: 0.05
  m_UseGravity: 1
  m_IsKinematic: 1
  m_Interpolate: 0
  m_Constraints: 0
  m_CollisionDetection: 0
--- !u!1001 &4168840875137630956
PrefabInstance:
  m_ObjectHideFlags: 0
  serializedVersion: 2
  m_Modification:
    m_TransformParent: {fileID: 4168840875984370892}
    m_Modifications:
    - target: {fileID: -8679921383154817045, guid: b927af786b0b3064b83fc591f35baffb,
        type: 3}
      propertyPath: m_LocalPosition.x
      value: 0
      objectReference: {fileID: 0}
    - target: {fileID: -8679921383154817045, guid: b927af786b0b3064b83fc591f35baffb,
        type: 3}
      propertyPath: m_LocalPosition.y
      value: 0
      objectReference: {fileID: 0}
    - target: {fileID: -8679921383154817045, guid: b927af786b0b3064b83fc591f35baffb,
        type: 3}
      propertyPath: m_LocalPosition.z
      value: 0
      objectReference: {fileID: 0}
    - target: {fileID: -8679921383154817045, guid: b927af786b0b3064b83fc591f35baffb,
        type: 3}
      propertyPath: m_LocalRotation.x
      value: 0
      objectReference: {fileID: 0}
    - target: {fileID: -8679921383154817045, guid: b927af786b0b3064b83fc591f35baffb,
        type: 3}
      propertyPath: m_LocalRotation.y
      value: 0
      objectReference: {fileID: 0}
    - target: {fileID: -8679921383154817045, guid: b927af786b0b3064b83fc591f35baffb,
        type: 3}
      propertyPath: m_LocalRotation.z
      value: 0
      objectReference: {fileID: 0}
    - target: {fileID: -8679921383154817045, guid: b927af786b0b3064b83fc591f35baffb,
        type: 3}
      propertyPath: m_LocalRotation.w
      value: 1
      objectReference: {fileID: 0}
    - target: {fileID: -8679921383154817045, guid: b927af786b0b3064b83fc591f35baffb,
        type: 3}
      propertyPath: m_RootOrder
      value: 1
      objectReference: {fileID: 0}
    - target: {fileID: -8679921383154817045, guid: b927af786b0b3064b83fc591f35baffb,
        type: 3}
      propertyPath: m_LocalEulerAnglesHint.x
      value: 0
      objectReference: {fileID: 0}
    - target: {fileID: -8679921383154817045, guid: b927af786b0b3064b83fc591f35baffb,
        type: 3}
      propertyPath: m_LocalEulerAnglesHint.y
      value: 0
      objectReference: {fileID: 0}
    - target: {fileID: -8679921383154817045, guid: b927af786b0b3064b83fc591f35baffb,
        type: 3}
      propertyPath: m_LocalEulerAnglesHint.z
      value: 0
      objectReference: {fileID: 0}
    - target: {fileID: -8679921383154817045, guid: b927af786b0b3064b83fc591f35baffb,
        type: 3}
      propertyPath: m_LocalScale.x
      value: 2
      objectReference: {fileID: 0}
    - target: {fileID: -8679921383154817045, guid: b927af786b0b3064b83fc591f35baffb,
        type: 3}
      propertyPath: m_LocalScale.y
      value: 2
      objectReference: {fileID: 0}
    - target: {fileID: -8679921383154817045, guid: b927af786b0b3064b83fc591f35baffb,
        type: 3}
      propertyPath: m_LocalScale.z
      value: 2
      objectReference: {fileID: 0}
    - target: {fileID: 919132149155446097, guid: b927af786b0b3064b83fc591f35baffb,
        type: 3}
      propertyPath: m_Name
      value: Tremplain1_SN
      objectReference: {fileID: 0}
    - target: {fileID: 919132149155446097, guid: b927af786b0b3064b83fc591f35baffb,
        type: 3}
      propertyPath: m_TagString
      value: DestructibleObstacle
      objectReference: {fileID: 0}
    - target: {fileID: 919132149155446097, guid: b927af786b0b3064b83fc591f35baffb,
        type: 3}
      propertyPath: m_Layer
      value: 9
      objectReference: {fileID: 0}
    - target: {fileID: 1206805532196165917, guid: b927af786b0b3064b83fc591f35baffb,
        type: 3}
      propertyPath: m_TagString
      value: DestructibleObstacle
      objectReference: {fileID: 0}
    - target: {fileID: 1206805532196165917, guid: b927af786b0b3064b83fc591f35baffb,
        type: 3}
      propertyPath: m_Layer
      value: 9
      objectReference: {fileID: 0}
    - target: {fileID: 2519734019222198362, guid: b927af786b0b3064b83fc591f35baffb,
        type: 3}
      propertyPath: m_TagString
      value: DestructibleObstacle
      objectReference: {fileID: 0}
    - target: {fileID: 2519734019222198362, guid: b927af786b0b3064b83fc591f35baffb,
        type: 3}
      propertyPath: m_Layer
      value: 9
      objectReference: {fileID: 0}
    m_RemovedComponents:
    - {fileID: -745925613427779466, guid: b927af786b0b3064b83fc591f35baffb, type: 3}
  m_SourcePrefab: {fileID: 100100000, guid: b927af786b0b3064b83fc591f35baffb, type: 3}
--- !u!1 &3826893521725964221 stripped
GameObject:
  m_CorrespondingSourceObject: {fileID: 919132149155446097, guid: b927af786b0b3064b83fc591f35baffb,
    type: 3}
  m_PrefabInstance: {fileID: 4168840875137630956}
  m_PrefabAsset: {fileID: 0}
--- !u!4 &4490101804675654919 stripped
Transform:
  m_CorrespondingSourceObject: {fileID: -8679921383154817045, guid: b927af786b0b3064b83fc591f35baffb,
    type: 3}
  m_PrefabInstance: {fileID: 4168840875137630956}
  m_PrefabAsset: {fileID: 0}
--- !u!23 &1269359006015595927 stripped
MeshRenderer:
  m_CorrespondingSourceObject: {fileID: 2902317047901169531, guid: b927af786b0b3064b83fc591f35baffb,
    type: 3}
  m_PrefabInstance: {fileID: 4168840875137630956}
  m_PrefabAsset: {fileID: 0}
--- !u!23 &709047305369098878 stripped
MeshRenderer:
  m_CorrespondingSourceObject: {fileID: 3462626497994168466, guid: b927af786b0b3064b83fc591f35baffb,
    type: 3}
  m_PrefabInstance: {fileID: 4168840875137630956}
  m_PrefabAsset: {fileID: 0}
