%YAML 1.1
%TAG !u! tag:unity3d.com,2011:
--- !u!1 &6037162440438222564
GameObject:
  m_ObjectHideFlags: 0
  m_CorrespondingSourceObject: {fileID: 0}
  m_PrefabInstance: {fileID: 0}
  m_PrefabAsset: {fileID: 0}
  serializedVersion: 6
  m_Component:
  - component: {fileID: 6037162440438222563}
  - component: {fileID: 2788026239381043359}
  - component: {fileID: 6642324067833994079}
  m_Layer: 0
  m_Name: Tremplin2_SN
  m_TagString: NoDestructibleObstacle
  m_Icon: {fileID: 0}
  m_NavMeshLayer: 0
  m_StaticEditorFlags: 0
  m_IsActive: 1
--- !u!4 &6037162440438222563
Transform:
  m_ObjectHideFlags: 0
  m_CorrespondingSourceObject: {fileID: 0}
  m_PrefabInstance: {fileID: 0}
  m_PrefabAsset: {fileID: 0}
  m_GameObject: {fileID: 6037162440438222564}
  m_LocalRotation: {x: 0, y: 0, z: 0, w: 1}
  m_LocalPosition: {x: 0, y: 0, z: 0}
  m_LocalScale: {x: 1, y: 1, z: 1}
  m_Children:
  - {fileID: 6071685993677322188}
  m_Father: {fileID: 0}
  m_RootOrder: 0
  m_LocalEulerAnglesHint: {x: 0, y: 0, z: 0}
--- !u!114 &2788026239381043359
MonoBehaviour:
  m_ObjectHideFlags: 0
  m_CorrespondingSourceObject: {fileID: 0}
  m_PrefabInstance: {fileID: 0}
  m_PrefabAsset: {fileID: 0}
  m_GameObject: {fileID: 6037162440438222564}
  m_Enabled: 1
  m_EditorHideFlags: 0
  m_Script: {fileID: 11500000, guid: a8e642bc047967b49b9d04d94ddf045a, type: 3}
  m_Name: 
  m_EditorClassIdentifier: 
  isATree: 0
  isAStalactite: 0
  isFlying: 0
--- !u!54 &6642324067833994079
Rigidbody:
  m_ObjectHideFlags: 0
  m_CorrespondingSourceObject: {fileID: 0}
  m_PrefabInstance: {fileID: 0}
  m_PrefabAsset: {fileID: 0}
  m_GameObject: {fileID: 6037162440438222564}
  serializedVersion: 2
  m_Mass: 1
  m_Drag: 0
  m_AngularDrag: 0.05
  m_UseGravity: 1
  m_IsKinematic: 1
  m_Interpolate: 0
  m_Constraints: 0
  m_CollisionDetection: 0
--- !u!205 &7959833510879435057
LODGroup:
  m_ObjectHideFlags: 0
  m_CorrespondingSourceObject: {fileID: 0}
  m_PrefabInstance: {fileID: 0}
  m_PrefabAsset: {fileID: 0}
  m_GameObject: {fileID: 6848047114256756086}
  serializedVersion: 2
  m_LocalReferencePoint: {x: -1.7950267, y: 0.6877953, z: -0.65520096}
  m_Size: 11.311062
  m_FadeMode: 0
  m_AnimateCrossFading: 0
  m_LastLODIsBillboard: 0
  m_LODs:
  - screenRelativeHeight: 0.023750743
    fadeTransitionWidth: 0
    renderers:
    - renderer: {fileID: 8205850364850074658}
  - screenRelativeHeight: 0.014120549
    fadeTransitionWidth: 0
    renderers:
    - renderer: {fileID: 8221353634845019733}
  - screenRelativeHeight: 0.004232024
    fadeTransitionWidth: 0
    renderers:
    - renderer: {fileID: 966510518509884946}
  m_Enabled: 1
--- !u!1001 &6037162439041388583
PrefabInstance:
  m_ObjectHideFlags: 0
  serializedVersion: 2
  m_Modification:
    m_TransformParent: {fileID: 6037162440438222563}
    m_Modifications:
    - target: {fileID: -8679921383154817045, guid: bf0c9878b2114a34abec6e0bfd316c0b,
        type: 3}
      propertyPath: m_LocalPosition.x
      value: 0
      objectReference: {fileID: 0}
    - target: {fileID: -8679921383154817045, guid: bf0c9878b2114a34abec6e0bfd316c0b,
        type: 3}
      propertyPath: m_LocalPosition.y
      value: 0
      objectReference: {fileID: 0}
    - target: {fileID: -8679921383154817045, guid: bf0c9878b2114a34abec6e0bfd316c0b,
        type: 3}
      propertyPath: m_LocalPosition.z
      value: 0
      objectReference: {fileID: 0}
    - target: {fileID: -8679921383154817045, guid: bf0c9878b2114a34abec6e0bfd316c0b,
        type: 3}
      propertyPath: m_LocalRotation.x
      value: 0
      objectReference: {fileID: 0}
    - target: {fileID: -8679921383154817045, guid: bf0c9878b2114a34abec6e0bfd316c0b,
        type: 3}
      propertyPath: m_LocalRotation.y
      value: 0
      objectReference: {fileID: 0}
    - target: {fileID: -8679921383154817045, guid: bf0c9878b2114a34abec6e0bfd316c0b,
        type: 3}
      propertyPath: m_LocalRotation.z
      value: 0
      objectReference: {fileID: 0}
    - target: {fileID: -8679921383154817045, guid: bf0c9878b2114a34abec6e0bfd316c0b,
        type: 3}
      propertyPath: m_LocalRotation.w
      value: 1
      objectReference: {fileID: 0}
    - target: {fileID: -8679921383154817045, guid: bf0c9878b2114a34abec6e0bfd316c0b,
        type: 3}
      propertyPath: m_RootOrder
      value: 0
      objectReference: {fileID: 0}
    - target: {fileID: -8679921383154817045, guid: bf0c9878b2114a34abec6e0bfd316c0b,
        type: 3}
      propertyPath: m_LocalEulerAnglesHint.x
      value: 0
      objectReference: {fileID: 0}
    - target: {fileID: -8679921383154817045, guid: bf0c9878b2114a34abec6e0bfd316c0b,
        type: 3}
      propertyPath: m_LocalEulerAnglesHint.y
      value: 0
      objectReference: {fileID: 0}
    - target: {fileID: -8679921383154817045, guid: bf0c9878b2114a34abec6e0bfd316c0b,
        type: 3}
      propertyPath: m_LocalEulerAnglesHint.z
      value: 0
      objectReference: {fileID: 0}
    - target: {fileID: -8679921383154817045, guid: bf0c9878b2114a34abec6e0bfd316c0b,
        type: 3}
      propertyPath: m_LocalScale.x
      value: 2
      objectReference: {fileID: 0}
    - target: {fileID: -8679921383154817045, guid: bf0c9878b2114a34abec6e0bfd316c0b,
        type: 3}
      propertyPath: m_LocalScale.y
      value: 2
      objectReference: {fileID: 0}
    - target: {fileID: -8679921383154817045, guid: bf0c9878b2114a34abec6e0bfd316c0b,
        type: 3}
      propertyPath: m_LocalScale.z
      value: 2
      objectReference: {fileID: 0}
    - target: {fileID: -7834883305407818404, guid: bf0c9878b2114a34abec6e0bfd316c0b,
        type: 3}
      propertyPath: m_TagString
      value: NoDestructibleObstacle
      objectReference: {fileID: 0}
    - target: {fileID: -7834883305407818404, guid: bf0c9878b2114a34abec6e0bfd316c0b,
        type: 3}
      propertyPath: m_Layer
      value: 9
      objectReference: {fileID: 0}
    - target: {fileID: -6661008459779839932, guid: bf0c9878b2114a34abec6e0bfd316c0b,
        type: 3}
      propertyPath: m_TagString
      value: NoDestructibleObstacle
      objectReference: {fileID: 0}
    - target: {fileID: -6661008459779839932, guid: bf0c9878b2114a34abec6e0bfd316c0b,
        type: 3}
      propertyPath: m_Layer
      value: 9
      objectReference: {fileID: 0}
    - target: {fileID: -4610842349719410339, guid: bf0c9878b2114a34abec6e0bfd316c0b,
        type: 3}
      propertyPath: m_TagString
      value: NoDestructibleObstacle
      objectReference: {fileID: 0}
    - target: {fileID: -4610842349719410339, guid: bf0c9878b2114a34abec6e0bfd316c0b,
        type: 3}
      propertyPath: m_Layer
      value: 9
      objectReference: {fileID: 0}
    - target: {fileID: 919132149155446097, guid: bf0c9878b2114a34abec6e0bfd316c0b,
        type: 3}
      propertyPath: m_Name
      value: Tremplain2_SN
      objectReference: {fileID: 0}
    - target: {fileID: 919132149155446097, guid: bf0c9878b2114a34abec6e0bfd316c0b,
        type: 3}
      propertyPath: m_TagString
      value: NoDestructibleObstacle
      objectReference: {fileID: 0}
    - target: {fileID: 919132149155446097, guid: bf0c9878b2114a34abec6e0bfd316c0b,
        type: 3}
      propertyPath: m_Layer
      value: 9
      objectReference: {fileID: 0}
    m_RemovedComponents:
    - {fileID: 732771162437322412, guid: bf0c9878b2114a34abec6e0bfd316c0b, type: 3}
    - {fileID: -728349606982160446, guid: bf0c9878b2114a34abec6e0bfd316c0b, type: 3}
  m_SourcePrefab: {fileID: 100100000, guid: bf0c9878b2114a34abec6e0bfd316c0b, type: 3}
--- !u!1 &6848047114256756086 stripped
GameObject:
  m_CorrespondingSourceObject: {fileID: 919132149155446097, guid: bf0c9878b2114a34abec6e0bfd316c0b,
    type: 3}
  m_PrefabInstance: {fileID: 6037162439041388583}
  m_PrefabAsset: {fileID: 0}
--- !u!4 &6071685993677322188 stripped
Transform:
  m_CorrespondingSourceObject: {fileID: -8679921383154817045, guid: bf0c9878b2114a34abec6e0bfd316c0b,
    type: 3}
  m_PrefabInstance: {fileID: 6037162439041388583}
  m_PrefabAsset: {fileID: 0}
--- !u!23 &8205850364850074658 stripped
MeshRenderer:
  m_CorrespondingSourceObject: {fileID: -6761796199277042683, guid: bf0c9878b2114a34abec6e0bfd316c0b,
    type: 3}
  m_PrefabInstance: {fileID: 6037162439041388583}
  m_PrefabAsset: {fileID: 0}
--- !u!23 &8221353634845019733 stripped
MeshRenderer:
  m_CorrespondingSourceObject: {fileID: -6786833576422187406, guid: bf0c9878b2114a34abec6e0bfd316c0b,
    type: 3}
  m_PrefabInstance: {fileID: 6037162439041388583}
  m_PrefabAsset: {fileID: 0}
--- !u!23 &966510518509884946 stripped
MeshRenderer:
  m_CorrespondingSourceObject: {fileID: -2404373052519266763, guid: bf0c9878b2114a34abec6e0bfd316c0b,
    type: 3}
  m_PrefabInstance: {fileID: 6037162439041388583}
  m_PrefabAsset: {fileID: 0}
