%YAML 1.1
%TAG !u! tag:unity3d.com,2011:
--- !u!1 &2328790797590769842
GameObject:
  m_ObjectHideFlags: 0
  m_CorrespondingSourceObject: {fileID: 0}
  m_PrefabInstance: {fileID: 0}
  m_PrefabAsset: {fileID: 0}
  serializedVersion: 6
  m_Component:
  - component: {fileID: 2328790797590769846}
  - component: {fileID: 2588513254463480836}
  - component: {fileID: 1316049625}
  - component: {fileID: 1316049624}
  m_Layer: 0
  m_Name: PMenu
  m_TagString: Player
  m_Icon: {fileID: 0}
  m_NavMeshLayer: 0
  m_StaticEditorFlags: 0
  m_IsActive: 1
--- !u!4 &2328790797590769846
Transform:
  m_ObjectHideFlags: 0
  m_CorrespondingSourceObject: {fileID: 0}
  m_PrefabInstance: {fileID: 0}
  m_PrefabAsset: {fileID: 0}
  m_GameObject: {fileID: 2328790797590769842}
  m_LocalRotation: {x: 0, y: 0, z: 0, w: 1}
  m_LocalPosition: {x: 0, y: 0, z: 0}
  m_LocalScale: {x: 5, y: 5, z: 5}
  m_Children:
  - {fileID: 5557107594617098585}
  m_Father: {fileID: 0}
  m_RootOrder: 0
  m_LocalEulerAnglesHint: {x: 0, y: 0, z: 0}
--- !u!114 &2588513254463480836
MonoBehaviour:
  m_ObjectHideFlags: 0
  m_CorrespondingSourceObject: {fileID: 0}
  m_PrefabInstance: {fileID: 0}
  m_PrefabAsset: {fileID: 0}
  m_GameObject: {fileID: 2328790797590769842}
  m_Enabled: 1
  m_EditorHideFlags: 0
  m_Script: {fileID: 11500000, guid: 5a127c37b5118a44ca1a7595f0b089fa, type: 3}
  m_Name: 
  m_EditorClassIdentifier: 
  at: {fileID: 1316049625}
  chair: {fileID: 0}
  armoire: {fileID: 0}
--- !u!95 &1316049625
Animator:
  serializedVersion: 3
  m_ObjectHideFlags: 0
  m_CorrespondingSourceObject: {fileID: 0}
  m_PrefabInstance: {fileID: 0}
  m_PrefabAsset: {fileID: 0}
  m_GameObject: {fileID: 2328790797590769842}
  m_Enabled: 1
  m_Avatar: {fileID: 0}
  m_Controller: {fileID: 9100000, guid: 93b1c1da798bb314784704e75e6f2177, type: 2}
  m_CullingMode: 0
  m_UpdateMode: 0
  m_ApplyRootMotion: 0
  m_LinearVelocityBlending: 0
  m_WarningMessage: 
  m_HasTransformHierarchy: 1
  m_AllowConstantClipSamplingOptimization: 1
  m_KeepAnimatorControllerStateOnDisable: 0
--- !u!114 &1316049624
MonoBehaviour:
  m_ObjectHideFlags: 0
  m_CorrespondingSourceObject: {fileID: 0}
  m_PrefabInstance: {fileID: 0}
  m_PrefabAsset: {fileID: 0}
  m_GameObject: {fileID: 2328790797590769842}
  m_Enabled: 1
  m_EditorHideFlags: 0
  m_Script: {fileID: 11500000, guid: e6cea6ce3a9ab15419879b05b165910f, type: 3}
  m_Name: 
  m_EditorClassIdentifier: 
--- !u!1 &4437458289409080926
GameObject:
  m_ObjectHideFlags: 0
  m_CorrespondingSourceObject: {fileID: 0}
  m_PrefabInstance: {fileID: 0}
  m_PrefabAsset: {fileID: 0}
  serializedVersion: 6
  m_Component:
  - component: {fileID: 5557107594617098585}
  - component: {fileID: 1721764837270841803}
  - component: {fileID: 7680533782150793794}
  - component: {fileID: 6150907067142639997}
  m_Layer: 0
  m_Name: Mesh
  m_TagString: Untagged
  m_Icon: {fileID: 0}
  m_NavMeshLayer: 0
  m_StaticEditorFlags: 0
  m_IsActive: 1
--- !u!4 &5557107594617098585
Transform:
  m_ObjectHideFlags: 0
  m_CorrespondingSourceObject: {fileID: 0}
  m_PrefabInstance: {fileID: 0}
  m_PrefabAsset: {fileID: 0}
  m_GameObject: {fileID: 4437458289409080926}
  m_LocalRotation: {x: 0, y: 0, z: 0, w: 1}
  m_LocalPosition: {x: 0, y: 0.195, z: 0}
  m_LocalScale: {x: 1, y: 1, z: 1}
  m_Children:
  - {fileID: 2147956103696264860}
  m_Father: {fileID: 2328790797590769846}
  m_RootOrder: 0
  m_LocalEulerAnglesHint: {x: 0, y: 0, z: 0}
--- !u!33 &1721764837270841803
MeshFilter:
  m_ObjectHideFlags: 0
  m_CorrespondingSourceObject: {fileID: 0}
  m_PrefabInstance: {fileID: 0}
  m_PrefabAsset: {fileID: 0}
  m_GameObject: {fileID: 4437458289409080926}
  m_Mesh: {fileID: 10207, guid: 0000000000000000e000000000000000, type: 0}
--- !u!23 &7680533782150793794
MeshRenderer:
  m_ObjectHideFlags: 0
  m_CorrespondingSourceObject: {fileID: 0}
  m_PrefabInstance: {fileID: 0}
  m_PrefabAsset: {fileID: 0}
  m_GameObject: {fileID: 4437458289409080926}
  m_Enabled: 1
  m_CastShadows: 1
  m_ReceiveShadows: 1
  m_DynamicOccludee: 1
  m_MotionVectors: 1
  m_LightProbeUsage: 1
  m_ReflectionProbeUsage: 1
  m_RayTracingMode: 2
  m_RenderingLayerMask: 1
  m_RendererPriority: 0
  m_Materials:
  - {fileID: 2100000, guid: 859c6d465eb7ca941bffeeee23a8ed12, type: 2}
  m_StaticBatchInfo:
    firstSubMesh: 0
    subMeshCount: 0
  m_StaticBatchRoot: {fileID: 0}
  m_ProbeAnchor: {fileID: 0}
  m_LightProbeVolumeOverride: {fileID: 0}
  m_ScaleInLightmap: 1
  m_ReceiveGI: 1
  m_PreserveUVs: 0
  m_IgnoreNormalsForChartDetection: 0
  m_ImportantGI: 0
  m_StitchLightmapSeams: 1
  m_SelectedEditorRenderState: 3
  m_MinimumChartSize: 4
  m_AutoUVMaxDistance: 0.5
  m_AutoUVMaxAngle: 89
  m_LightmapParameters: {fileID: 0}
  m_SortingLayerID: 0
  m_SortingLayer: 0
  m_SortingOrder: 0
--- !u!114 &6150907067142639997
MonoBehaviour:
  m_ObjectHideFlags: 0
  m_CorrespondingSourceObject: {fileID: 0}
  m_PrefabInstance: {fileID: 0}
  m_PrefabAsset: {fileID: 0}
  m_GameObject: {fileID: 4437458289409080926}
  m_Enabled: 1
  m_EditorHideFlags: 0
  m_Script: {fileID: 11500000, guid: 91fef58310ac1b349b79014f59f88dac, type: 3}
  m_Name: 
  m_EditorClassIdentifier: 
  allEyes:
  - {fileID: 21300000, guid: 4f4c09791e90b7745b61181009db25a7, type: 3}
  - {fileID: 21300000, guid: 98efe923d8c32524294a62109eb33043, type: 3}
  - {fileID: 21300000, guid: d49b663fc3bdd7d4d875a73adcf371e0, type: 3}
  - {fileID: 21300000, guid: 31ba458dedacdeb47bb7465d31ddd7ad, type: 3}
  - {fileID: 21300000, guid: abd47fa12ce8a7449a915516b3ba6836, type: 3}
  - {fileID: 21300000, guid: 5253f4137e5e31d4aa09c57faf6f553d, type: 3}
  - {fileID: 21300000, guid: c9b28eabb72fba64fbf54c2e4d1a1710, type: 3}
  - {fileID: 21300000, guid: a6f7bbab04547ae4da3173a13ef2ef9d, type: 3}
  - {fileID: 21300000, guid: c826875de6869b640a912a46131fde5f, type: 3}
  - {fileID: 21300000, guid: 760f43372de3a864b90fd4f1499ae03f, type: 3}
  - {fileID: 21300000, guid: 85f058bdd695a804285ccc3648173d43, type: 3}
  - {fileID: 21300000, guid: ed44287fe6238ac4ea70082977a771f6, type: 3}
  - {fileID: 21300000, guid: 5b0a374f7d8eaeb4da26f312465b0889, type: 3}
  - {fileID: 21300000, guid: 434916967dd7dd4419821287f14d83c9, type: 3}
  - {fileID: 21300000, guid: c346bc8fef74833449eab573fdd11f9c, type: 3}
  - {fileID: 21300000, guid: 5efcbda36f090f44987d9c95f4d2732b, type: 3}
  - {fileID: 21300000, guid: ebc7b40ea724ddc42bdff7112fc5a37a, type: 3}
  - {fileID: 21300000, guid: c2854672bd157bc4ea26c6c84fca457a, type: 3}
  - {fileID: 21300000, guid: 298c105bfb26db5429270c9973326d44, type: 3}
  - {fileID: 21300000, guid: 67ce8b460ee67bb44ac192a72021e33f, type: 3}
  allMouths:
  - {fileID: 21300000, guid: 76121f6b40174674c89fd768d7421123, type: 3}
  - {fileID: 21300000, guid: b746810e1f5a5f04baf190ccaceb4b4c, type: 3}
  - {fileID: 21300000, guid: 93764d858db058a43ad0bd360e378d92, type: 3}
  - {fileID: 21300000, guid: 28e63c9ce304c1c4cbe576d7abf82a2b, type: 3}
  - {fileID: 21300000, guid: b67b558ae73c7d940b092775ef1226e5, type: 3}
  - {fileID: 21300000, guid: 7fb8045ebf48af44d821c3d12cab567a, type: 3}
  - {fileID: 21300000, guid: 027b9437fd6f1e04895186db9b385cb9, type: 3}
  - {fileID: 21300000, guid: 11021b7898c613541853b7ca777b6b17, type: 3}
  - {fileID: 21300000, guid: bf4ec353bd38f0843baadba24e8204ec, type: 3}
  - {fileID: 21300000, guid: 8a8e87a912663da44ac2fc1238e1e252, type: 3}
  - {fileID: 21300000, guid: 6ef07759080b6f941afa75641f7cb339, type: 3}
  - {fileID: 21300000, guid: 5e62117bf1de1e341b77b6b080c07908, type: 3}
  - {fileID: 21300000, guid: fe212c8faad36a0469edd709e3fb4d4e, type: 3}
  - {fileID: 21300000, guid: 51afa23272f100646bfe72c609689461, type: 3}
  - {fileID: 21300000, guid: 38d559abfc7b198499af64738e2fa213, type: 3}
  - {fileID: 21300000, guid: 006b3119a99a5fc4db1073bd7da2a59b, type: 3}
  - {fileID: 21300000, guid: 651fd0a427592764f8411d3d0b7c1c70, type: 3}
  - {fileID: 21300000, guid: ace80a7ba9cb0fd46a3848b31ed83b2a, type: 3}
  - {fileID: 21300000, guid: 74cd79e031ab1c647bcc4697de623f25, type: 3}
  - {fileID: 21300000, guid: 3bcc66e34f1f3c34da36058a248d6a61, type: 3}
  allEyesButtons:
  - {fileID: 0}
  - {fileID: 0}
  - {fileID: 0}
  - {fileID: 0}
  - {fileID: 0}
  - {fileID: 0}
  - {fileID: 0}
  - {fileID: 0}
  - {fileID: 0}
  - {fileID: 0}
  - {fileID: 0}
  - {fileID: 0}
  - {fileID: 0}
  - {fileID: 0}
  - {fileID: 0}
  - {fileID: 0}
  - {fileID: 0}
  - {fileID: 0}
  - {fileID: 0}
  - {fileID: 0}
  allMouthsButtons:
  - {fileID: 0}
  - {fileID: 0}
  - {fileID: 0}
  - {fileID: 0}
  - {fileID: 0}
  - {fileID: 0}
  - {fileID: 0}
  - {fileID: 0}
  - {fileID: 0}
  - {fileID: 0}
  - {fileID: 0}
  - {fileID: 0}
  - {fileID: 0}
  - {fileID: 0}
  - {fileID: 0}
  - {fileID: 0}
  - {fileID: 0}
  - {fileID: 0}
  - {fileID: 0}
  - {fileID: 0}
  allColorsButtons:
  - {fileID: 0}
  - {fileID: 0}
  - {fileID: 0}
  - {fileID: 0}
  - {fileID: 0}
  - {fileID: 0}
  - {fileID: 0}
  - {fileID: 0}
  - {fileID: 0}
  - {fileID: 0}
  - {fileID: 0}
  - {fileID: 0}
  - {fileID: 0}
  - {fileID: 0}
  - {fileID: 0}
  - {fileID: 0}
  - {fileID: 0}
  - {fileID: 0}
  - {fileID: 0}
  - {fileID: 0}
  allChosePanelButtons:
  - {fileID: 0}
  - {fileID: 0}
  - {fileID: 0}
  - {fileID: 0}
  allChosePanelButtonsParent: {fileID: 0}
  SaveButton: {fileID: 0}
  eye: {fileID: 3445461015792901120}
  mouth: {fileID: 6409456657523619033}
  DifferentPanels:
  - {fileID: 0}
  - {fileID: 0}
  - {fileID: 0}
  - {fileID: 0}
  evt: {fileID: 0}
  playerNameInput: {fileID: 0}
  armoire: {fileID: 0}
--- !u!1001 &1407162715627532195
PrefabInstance:
  m_ObjectHideFlags: 0
  serializedVersion: 2
  m_Modification:
    m_TransformParent: {fileID: 5557107594617098585}
    m_Modifications:
    - target: {fileID: 1029122795630854463, guid: 4bd8650c9ccbbdb44bbb8e32d65a49e5,
        type: 3}
      propertyPath: m_LocalPosition.x
      value: 0
      objectReference: {fileID: 0}
    - target: {fileID: 1029122795630854463, guid: 4bd8650c9ccbbdb44bbb8e32d65a49e5,
        type: 3}
      propertyPath: m_LocalPosition.y
      value: -0.023
      objectReference: {fileID: 0}
    - target: {fileID: 1029122795630854463, guid: 4bd8650c9ccbbdb44bbb8e32d65a49e5,
        type: 3}
      propertyPath: m_LocalPosition.z
      value: -0.541
      objectReference: {fileID: 0}
    - target: {fileID: 1029122795630854463, guid: 4bd8650c9ccbbdb44bbb8e32d65a49e5,
        type: 3}
      propertyPath: m_LocalRotation.x
      value: 0
      objectReference: {fileID: 0}
    - target: {fileID: 1029122795630854463, guid: 4bd8650c9ccbbdb44bbb8e32d65a49e5,
        type: 3}
      propertyPath: m_LocalRotation.y
      value: 0
      objectReference: {fileID: 0}
    - target: {fileID: 1029122795630854463, guid: 4bd8650c9ccbbdb44bbb8e32d65a49e5,
        type: 3}
      propertyPath: m_LocalRotation.z
      value: 0
      objectReference: {fileID: 0}
    - target: {fileID: 1029122795630854463, guid: 4bd8650c9ccbbdb44bbb8e32d65a49e5,
        type: 3}
      propertyPath: m_LocalRotation.w
      value: 1
      objectReference: {fileID: 0}
    - target: {fileID: 1029122795630854463, guid: 4bd8650c9ccbbdb44bbb8e32d65a49e5,
        type: 3}
      propertyPath: m_RootOrder
      value: 0
      objectReference: {fileID: 0}
    - target: {fileID: 1029122795630854463, guid: 4bd8650c9ccbbdb44bbb8e32d65a49e5,
        type: 3}
      propertyPath: m_LocalEulerAnglesHint.x
      value: 0
      objectReference: {fileID: 0}
    - target: {fileID: 1029122795630854463, guid: 4bd8650c9ccbbdb44bbb8e32d65a49e5,
        type: 3}
      propertyPath: m_LocalEulerAnglesHint.y
      value: 0
      objectReference: {fileID: 0}
    - target: {fileID: 1029122795630854463, guid: 4bd8650c9ccbbdb44bbb8e32d65a49e5,
        type: 3}
      propertyPath: m_LocalEulerAnglesHint.z
      value: 0
      objectReference: {fileID: 0}
    - target: {fileID: 5436066930347991102, guid: 4bd8650c9ccbbdb44bbb8e32d65a49e5,
        type: 3}
      propertyPath: m_Name
      value: VisageTest
      objectReference: {fileID: 0}
    m_RemovedComponents: []
  m_SourcePrefab: {fileID: 100100000, guid: 4bd8650c9ccbbdb44bbb8e32d65a49e5, type: 3}
--- !u!4 &2147956103696264860 stripped
Transform:
  m_CorrespondingSourceObject: {fileID: 1029122795630854463, guid: 4bd8650c9ccbbdb44bbb8e32d65a49e5,
    type: 3}
  m_PrefabInstance: {fileID: 1407162715627532195}
  m_PrefabAsset: {fileID: 0}
--- !u!212 &3445461015792901120 stripped
SpriteRenderer:
  m_CorrespondingSourceObject: {fileID: 4348088556194755491, guid: 4bd8650c9ccbbdb44bbb8e32d65a49e5,
    type: 3}
  m_PrefabInstance: {fileID: 1407162715627532195}
  m_PrefabAsset: {fileID: 0}
--- !u!212 &6409456657523619033 stripped
SpriteRenderer:
  m_CorrespondingSourceObject: {fileID: 5437474053676997498, guid: 4bd8650c9ccbbdb44bbb8e32d65a49e5,
    type: 3}
  m_PrefabInstance: {fileID: 1407162715627532195}
  m_PrefabAsset: {fileID: 0}
