%YAML 1.1
%TAG !u! tag:unity3d.com,2011:
--- !u!1 &1520855292199959884
GameObject:
  m_ObjectHideFlags: 0
  m_CorrespondingSourceObject: {fileID: 0}
  m_PrefabInstance: {fileID: 0}
  m_PrefabAsset: {fileID: 0}
  serializedVersion: 6
  m_Component:
  - component: {fileID: 1520855292199959887}
  - component: {fileID: 1520855292199959883}
  - component: {fileID: 1520855292199959880}
  - component: {fileID: 1520855292199959881}
  - component: {fileID: 1520855292199959886}
  m_Layer: 0
  m_Name: VFXCamVitesse
  m_TagString: Untagged
  m_Icon: {fileID: 0}
  m_NavMeshLayer: 0
  m_StaticEditorFlags: 0
  m_IsActive: 1
--- !u!4 &1520855292199959887
Transform:
  m_ObjectHideFlags: 0
  m_CorrespondingSourceObject: {fileID: 0}
  m_PrefabInstance: {fileID: 0}
  m_PrefabAsset: {fileID: 0}
  m_GameObject: {fileID: 1520855292199959884}
  m_LocalRotation: {x: -0, y: -0, z: -0, w: 1}
  m_LocalPosition: {x: 0.78, y: 0, z: 3.6}
  m_LocalScale: {x: 1, y: 1, z: 1}
  m_Children: []
  m_Father: {fileID: 0}
  m_RootOrder: 0
  m_LocalEulerAnglesHint: {x: 0, y: 0, z: 0}
--- !u!2083052967 &1520855292199959883
VisualEffect:
  m_ObjectHideFlags: 0
  m_CorrespondingSourceObject: {fileID: 0}
  m_PrefabInstance: {fileID: 0}
  m_PrefabAsset: {fileID: 0}
  m_GameObject: {fileID: 1520855292199959884}
  m_Enabled: 1
  m_Asset: {fileID: 8926484042661614526, guid: c33710e90afa9b74fb986eb3a4b473f8, type: 3}
  m_InitialEventName: OnPlay
  m_InitialEventNameOverriden: 0
  m_StartSeed: 0
  m_ResetSeedOnPlay: 1
  m_PropertySheet:
    m_Float:
      m_Array:
      - m_Value: 0.5
        m_Name: Shere_radius
        m_Overridden: 1
      - m_Value: 3
        m_Name: NbParticules
        m_Overridden: 1
      - m_Value: 20
        m_Name: NbParticules2
        m_Overridden: 1
      - m_Value: 1
        m_Name: RadiusSpaw
        m_Overridden: 0
    m_Vector2f:
      m_Array:
      - m_Value: {x: 0.2, y: 0.3}
        m_Name: Min&MaxLifeTime
        m_Overridden: 1
      - m_Value: {x: 0.5, y: 1}
        m_Name: Min&MaxVitesse
        m_Overridden: 1
    m_Vector3f:
      m_Array:
      - m_Value: {x: 114.6, y: 0, z: 44}
        m_Name: Shere_center
        m_Overridden: 1
      - m_Value: {x: -0, y: 0, z: 0}
        m_Name: Transform_angles
        m_Overridden: 1
      - m_Value: {x: 39.1, y: 0.45035362, z: -13.845367}
        m_Name: Transform_position
        m_Overridden: 1
      - m_Value: {x: 1, y: 1, z: 1}
        m_Name: Transform_scale
        m_Overridden: 1
    m_Vector4f:
      m_Array: []
    m_Uint:
      m_Array: []
    m_Int:
      m_Array: []
    m_Matrix4x4f:
      m_Array: []
    m_AnimationCurve:
      m_Array:
      - m_Value:
          serializedVersion: 2
          m_Curve:
          - serializedVersion: 3
            time: 0.0020596124
            value: -0.004579593
            inSlope: 0.1916698
            outSlope: 0.1916698
            tangentMode: 0
            weightedMode: 0
            inWeight: 0
            outWeight: 0
          - serializedVersion: 3
            time: 0.06620209
            value: 0.06151045
            inSlope: -0.16641721
            outSlope: -0.16641721
            tangentMode: 0
            weightedMode: 0
            inWeight: 0
            outWeight: 0
          - serializedVersion: 3
            time: 0.49356684
            value: 0.0010594781
            inSlope: -0.2914771
            outSlope: -0.2914771
            tangentMode: 0
            weightedMode: 0
            inWeight: 0
            outWeight: 0
          m_PreInfinity: 2
          m_PostInfinity: 2
          m_RotationOrder: 4
        m_Name: CurveSizeOverLife
        m_Overridden: 1
    m_Gradient:
      m_Array:
      - m_Value:
          serializedVersion: 2
          key0: {r: 0, g: 0, b: 0, a: 1}
          key1: {r: 0.65198064, g: 0.65198064, b: 0.65198064, a: 1}
          key2: {r: 0.7490196, g: 0.7490196, b: 0.7490196, a: 0.8627451}
          key3: {r: 2.064525, g: 0.80250454, b: 0, a: 0}
          key4: {r: 3.9999995, g: 1.554207, b: 0, a: 0}
          key5: {r: 0, g: 0, b: 0, a: 0}
          key6: {r: 0, g: 0, b: 0, a: 0}
          key7: {r: 0, g: 0, b: 0, a: 0}
          ctime0: 0
          ctime1: 4819
          ctime2: 65535
          ctime3: 44333
          ctime4: 65342
          ctime5: 0
          ctime6: 0
          ctime7: 0
          atime0: 0
          atime1: 26021
          atime2: 61102
          atime3: 65535
          atime4: 0
          atime5: 0
          atime6: 0
          atime7: 0
          m_Mode: 0
          m_NumColorKeys: 3
          m_NumAlphaKeys: 4
        m_Name: GradientColor
        m_Overridden: 1
    m_NamedObject:
      m_Array: []
    m_Bool:
      m_Array: []
--- !u!73398921 &1520855292199959880
VFXRenderer:
  m_ObjectHideFlags: 0
  m_CorrespondingSourceObject: {fileID: 0}
  m_PrefabInstance: {fileID: 0}
  m_PrefabAsset: {fileID: 0}
  m_GameObject: {fileID: 1520855292199959884}
  m_Enabled: 1
  m_CastShadows: 0
  m_ReceiveShadows: 0
  m_DynamicOccludee: 1
  m_MotionVectors: 0
  m_LightProbeUsage: 0
  m_ReflectionProbeUsage: 0
  m_RayTracingMode: 0
  m_RenderingLayerMask: 1
  m_RendererPriority: 0
  m_Materials:
  - {fileID: 0}
  m_StaticBatchInfo:
    firstSubMesh: 0
    subMeshCount: 0
  m_StaticBatchRoot: {fileID: 0}
  m_ProbeAnchor: {fileID: 0}
  m_LightProbeVolumeOverride: {fileID: 0}
  m_ScaleInLightmap: 1
  m_ReceiveGI: 1
  m_PreserveUVs: 0
  m_IgnoreNormalsForChartDetection: 0
  m_ImportantGI: 0
  m_StitchLightmapSeams: 1
  m_SelectedEditorRenderState: 3
  m_MinimumChartSize: 4
  m_AutoUVMaxDistance: 0.5
  m_AutoUVMaxAngle: 89
  m_LightmapParameters: {fileID: 0}
  m_SortingLayerID: 0
  m_SortingLayer: 0
  m_SortingOrder: 0
--- !u!114 &1520855292199959881
MonoBehaviour:
  m_ObjectHideFlags: 0
  m_CorrespondingSourceObject: {fileID: 0}
  m_PrefabInstance: {fileID: 0}
  m_PrefabAsset: {fileID: 0}
  m_GameObject: {fileID: 1520855292199959884}
  m_Enabled: 1
  m_EditorHideFlags: 0
  m_Script: {fileID: 11500000, guid: cdafc37f32b176349b1684c4455b98e9, type: 3}
  m_Name: 
  m_EditorClassIdentifier: 
  m_ExecuteInEditor: 1
  m_Bindings:
  - {fileID: 1520855292199959886}
  m_VisualEffect: {fileID: 1520855292199959883}
--- !u!114 &1520855292199959886
MonoBehaviour:
  m_ObjectHideFlags: 0
  m_CorrespondingSourceObject: {fileID: 0}
  m_PrefabInstance: {fileID: 0}
  m_PrefabAsset: {fileID: 0}
  m_GameObject: {fileID: 1520855292199959884}
  m_Enabled: 1
  m_EditorHideFlags: 0
  m_Script: {fileID: 11500000, guid: 7fdfea1f838247c40921a07afedde962, type: 3}
  m_Name: 
  m_EditorClassIdentifier: 
  m_Property:
    m_Name: New Transform
  Target: {fileID: 1520855292199959887}
