%YAML 1.1
%TAG !u! tag:unity3d.com,2011:
--- !u!205 &1860051641869905006
LODGroup:
  m_ObjectHideFlags: 0
  m_CorrespondingSourceObject: {fileID: 0}
  m_PrefabInstance: {fileID: 0}
  m_PrefabAsset: {fileID: 0}
  m_GameObject: {fileID: 1518085589378044197}
  serializedVersion: 2
  m_LocalReferencePoint: {x: 0.06090927, y: 25.855057, z: -0.14221191}
  m_Size: 54.01223
  m_FadeMode: 0
  m_AnimateCrossFading: 0
  m_LastLODIsBillboard: 0
  m_LODs:
  - screenRelativeHeight: 0.10354906
    fadeTransitionWidth: 0
    renderers:
    - renderer: {fileID: 2874129696448218545}
  - screenRelativeHeight: 0.018372824
    fadeTransitionWidth: 0
    renderers:
    - renderer: {fileID: 915432869730311540}
  - screenRelativeHeight: 0.0049425284
    fadeTransitionWidth: 0
    renderers:
    - renderer: {fileID: 4458261248749223572}
  m_Enabled: 1
--- !u!1 &1860051641936441830
GameObject:
  m_ObjectHideFlags: 0
  m_CorrespondingSourceObject: {fileID: 0}
  m_PrefabInstance: {fileID: 0}
  m_PrefabAsset: {fileID: 0}
  serializedVersion: 6
  m_Component:
  - component: {fileID: 1860051641936441831}
  - component: {fileID: 5092152621944039200}
  m_Layer: 0
  m_Name: MongolfiereJaune
  m_TagString: Untagged
  m_Icon: {fileID: 0}
  m_NavMeshLayer: 0
  m_StaticEditorFlags: 0
  m_IsActive: 1
--- !u!4 &1860051641936441831
Transform:
  m_ObjectHideFlags: 0
  m_CorrespondingSourceObject: {fileID: 0}
  m_PrefabInstance: {fileID: 0}
  m_PrefabAsset: {fileID: 0}
  m_GameObject: {fileID: 1860051641936441830}
  m_LocalRotation: {x: -0, y: -0, z: -0, w: 1}
  m_LocalPosition: {x: -178.8, y: -24.6, z: -153.5}
  m_LocalScale: {x: 1, y: 1, z: 1}
  m_Children:
  - {fileID: 2187203920004434847}
  m_Father: {fileID: 0}
  m_RootOrder: 0
  m_LocalEulerAnglesHint: {x: 0, y: 0, z: 0}
--- !u!114 &5092152621944039200
MonoBehaviour:
  m_ObjectHideFlags: 0
  m_CorrespondingSourceObject: {fileID: 0}
  m_PrefabInstance: {fileID: 0}
  m_PrefabAsset: {fileID: 0}
  m_GameObject: {fileID: 1860051641936441830}
  m_Enabled: 1
  m_EditorHideFlags: 0
  m_Script: {fileID: 11500000, guid: 5d8f937b83d2a0f469fb35ce1e487436, type: 3}
  m_Name: 
  m_EditorClassIdentifier: 
  frequence: 0.25
  randomAddingToFrequence: {x: 0.1, y: 0.15}
  amplitude: 53.35478
  randomAddingToAmplitude: {x: -10, y: 0}
  movementDirection: {x: -0.2, y: 10, z: -0.2}
  enableRandomOnDirection: 1
  randomMovementDirection: {x: 0.2, y: 0.7, z: 0.2}
  rotationSpeed: 10
  randomRotationSpeed: {x: -3, y: 1}
  useLocalDirection: 0
  useLocalRotation: 0
--- !u!1001 &1860051641869905012
PrefabInstance:
  m_ObjectHideFlags: 0
  serializedVersion: 2
  m_Modification:
    m_TransformParent: {fileID: 1860051641936441831}
    m_Modifications:
    - target: {fileID: -8679921383154817045, guid: 2d415df771ef3ad43b01e99894d7d7c7,
        type: 3}
      propertyPath: m_LocalPosition.x
      value: 0
      objectReference: {fileID: 0}
    - target: {fileID: -8679921383154817045, guid: 2d415df771ef3ad43b01e99894d7d7c7,
        type: 3}
      propertyPath: m_LocalPosition.y
      value: 118.3
      objectReference: {fileID: 0}
    - target: {fileID: -8679921383154817045, guid: 2d415df771ef3ad43b01e99894d7d7c7,
        type: 3}
      propertyPath: m_LocalPosition.z
      value: 0
      objectReference: {fileID: 0}
    - target: {fileID: -8679921383154817045, guid: 2d415df771ef3ad43b01e99894d7d7c7,
        type: 3}
      propertyPath: m_LocalRotation.x
      value: -0
      objectReference: {fileID: 0}
    - target: {fileID: -8679921383154817045, guid: 2d415df771ef3ad43b01e99894d7d7c7,
        type: 3}
      propertyPath: m_LocalRotation.y
      value: -0
      objectReference: {fileID: 0}
    - target: {fileID: -8679921383154817045, guid: 2d415df771ef3ad43b01e99894d7d7c7,
        type: 3}
      propertyPath: m_LocalRotation.z
      value: -0
      objectReference: {fileID: 0}
    - target: {fileID: -8679921383154817045, guid: 2d415df771ef3ad43b01e99894d7d7c7,
        type: 3}
      propertyPath: m_LocalRotation.w
      value: 1
      objectReference: {fileID: 0}
    - target: {fileID: -8679921383154817045, guid: 2d415df771ef3ad43b01e99894d7d7c7,
        type: 3}
      propertyPath: m_RootOrder
      value: 0
      objectReference: {fileID: 0}
    - target: {fileID: -8679921383154817045, guid: 2d415df771ef3ad43b01e99894d7d7c7,
        type: 3}
      propertyPath: m_LocalEulerAnglesHint.x
      value: 0
      objectReference: {fileID: 0}
    - target: {fileID: -8679921383154817045, guid: 2d415df771ef3ad43b01e99894d7d7c7,
        type: 3}
      propertyPath: m_LocalEulerAnglesHint.y
      value: 0
      objectReference: {fileID: 0}
    - target: {fileID: -8679921383154817045, guid: 2d415df771ef3ad43b01e99894d7d7c7,
        type: 3}
      propertyPath: m_LocalEulerAnglesHint.z
      value: 0
      objectReference: {fileID: 0}
    - target: {fileID: -8197868946644928124, guid: 2d415df771ef3ad43b01e99894d7d7c7,
        type: 3}
      propertyPath: m_Mesh
      value: 
      objectReference: {fileID: -1722108207843305486, guid: c2f05d6db6e02e043b85a91b916c955d,
        type: 3}
    - target: {fileID: -6625120639942421792, guid: 2d415df771ef3ad43b01e99894d7d7c7,
        type: 3}
      propertyPath: m_Materials.Array.data[0]
      value: 
      objectReference: {fileID: 2100000, guid: dfb807ff8d8aab04387bbec0e925a09c, type: 2}
    - target: {fileID: -6625120639942421792, guid: 2d415df771ef3ad43b01e99894d7d7c7,
        type: 3}
      propertyPath: m_Materials.Array.data[1]
      value: 
      objectReference: {fileID: 2100000, guid: c114fcaeeade39046b21ff066033f9dd, type: 2}
    - target: {fileID: -6625120639942421792, guid: 2d415df771ef3ad43b01e99894d7d7c7,
        type: 3}
      propertyPath: m_Materials.Array.data[2]
      value: 
      objectReference: {fileID: 2100000, guid: 0780470158aefeb4baaba39a444f7dd0, type: 2}
    - target: {fileID: -2676819651031943872, guid: 2d415df771ef3ad43b01e99894d7d7c7,
        type: 3}
      propertyPath: m_TagString
      value: Sol
      objectReference: {fileID: 0}
    - target: {fileID: -11479776160291352, guid: 2d415df771ef3ad43b01e99894d7d7c7,
        type: 3}
      propertyPath: m_Mesh
      value: 
      objectReference: {fileID: -7062887403203370430, guid: c2f05d6db6e02e043b85a91b916c955d,
        type: 3}
    - target: {fileID: 919132149155446097, guid: 2d415df771ef3ad43b01e99894d7d7c7,
        type: 3}
      propertyPath: m_Name
      value: Mongolfiere
      objectReference: {fileID: 0}
    - target: {fileID: 919132149155446097, guid: 2d415df771ef3ad43b01e99894d7d7c7,
        type: 3}
      propertyPath: m_TagString
      value: Sol
      objectReference: {fileID: 0}
    - target: {fileID: 1541495808467431680, guid: 2d415df771ef3ad43b01e99894d7d7c7,
        type: 3}
      propertyPath: m_Materials.Array.data[0]
      value: 
      objectReference: {fileID: 2100000, guid: dfb807ff8d8aab04387bbec0e925a09c, type: 2}
    - target: {fileID: 1541495808467431680, guid: 2d415df771ef3ad43b01e99894d7d7c7,
        type: 3}
      propertyPath: m_Materials.Array.data[1]
      value: 
      objectReference: {fileID: 2100000, guid: c114fcaeeade39046b21ff066033f9dd, type: 2}
    - target: {fileID: 1541495808467431680, guid: 2d415df771ef3ad43b01e99894d7d7c7,
        type: 3}
      propertyPath: m_Materials.Array.data[2]
      value: 
      objectReference: {fileID: 2100000, guid: 0780470158aefeb4baaba39a444f7dd0, type: 2}
    - target: {fileID: 1851075692633339716, guid: 2d415df771ef3ad43b01e99894d7d7c7,
        type: 3}
      propertyPath: m_TagString
      value: Sol
      objectReference: {fileID: 0}
    - target: {fileID: 4263956494933164642, guid: 2d415df771ef3ad43b01e99894d7d7c7,
        type: 3}
      propertyPath: m_Mesh
      value: 
      objectReference: {fileID: 2876036430364121349, guid: c2f05d6db6e02e043b85a91b916c955d,
        type: 3}
    - target: {fileID: 4481871792263866821, guid: 2d415df771ef3ad43b01e99894d7d7c7,
        type: 3}
      propertyPath: m_Materials.Array.data[0]
      value: 
      objectReference: {fileID: 2100000, guid: 0780470158aefeb4baaba39a444f7dd0, type: 2}
    - target: {fileID: 4481871792263866821, guid: 2d415df771ef3ad43b01e99894d7d7c7,
        type: 3}
      propertyPath: m_Materials.Array.data[1]
      value: 
      objectReference: {fileID: 2100000, guid: dfb807ff8d8aab04387bbec0e925a09c, type: 2}
    - target: {fileID: 4481871792263866821, guid: 2d415df771ef3ad43b01e99894d7d7c7,
        type: 3}
      propertyPath: m_Materials.Array.data[2]
      value: 
      objectReference: {fileID: 2100000, guid: c114fcaeeade39046b21ff066033f9dd, type: 2}
    - target: {fileID: 7950572517542496744, guid: 2d415df771ef3ad43b01e99894d7d7c7,
        type: 3}
      propertyPath: m_TagString
      value: Sol
      objectReference: {fileID: 0}
    m_RemovedComponents: []
  m_SourcePrefab: {fileID: 100100000, guid: 2d415df771ef3ad43b01e99894d7d7c7, type: 3}
--- !u!1 &1518085589378044197 stripped
GameObject:
  m_CorrespondingSourceObject: {fileID: 919132149155446097, guid: 2d415df771ef3ad43b01e99894d7d7c7,
    type: 3}
  m_PrefabInstance: {fileID: 1860051641869905012}
  m_PrefabAsset: {fileID: 0}
--- !u!4 &2187203920004434847 stripped
Transform:
  m_CorrespondingSourceObject: {fileID: -8679921383154817045, guid: 2d415df771ef3ad43b01e99894d7d7c7,
    type: 3}
  m_PrefabInstance: {fileID: 1860051641869905012}
  m_PrefabAsset: {fileID: 0}
--- !u!23 &2874129696448218545 stripped
MeshRenderer:
  m_CorrespondingSourceObject: {fileID: 4481871792263866821, guid: 2d415df771ef3ad43b01e99894d7d7c7,
    type: 3}
  m_PrefabInstance: {fileID: 1860051641869905012}
  m_PrefabAsset: {fileID: 0}
--- !u!23 &915432869730311540 stripped
MeshRenderer:
  m_CorrespondingSourceObject: {fileID: 1541495808467431680, guid: 2d415df771ef3ad43b01e99894d7d7c7,
    type: 3}
  m_PrefabInstance: {fileID: 1860051641869905012}
  m_PrefabAsset: {fileID: 0}
--- !u!23 &4458261248749223572 stripped
MeshRenderer:
  m_CorrespondingSourceObject: {fileID: -6625120639942421792, guid: 2d415df771ef3ad43b01e99894d7d7c7,
    type: 3}
  m_PrefabInstance: {fileID: 1860051641869905012}
  m_PrefabAsset: {fileID: 0}
