%YAML 1.1
%TAG !u! tag:unity3d.com,2011:
--- !u!205 &2953907780998385887
LODGroup:
  m_ObjectHideFlags: 0
  m_CorrespondingSourceObject: {fileID: 0}
  m_PrefabInstance: {fileID: 0}
  m_PrefabAsset: {fileID: 0}
  m_GameObject: {fileID: 2611818025932221844}
  serializedVersion: 2
  m_LocalReferencePoint: {x: 0.06090927, y: 25.855057, z: -0.14221191}
  m_Size: 54.01223
  m_FadeMode: 0
  m_AnimateCrossFading: 0
  m_LastLODIsBillboard: 0
  m_LODs:
  - screenRelativeHeight: 0.10354906
    fadeTransitionWidth: 0
    renderers:
    - renderer: {fileID: 1642879141048023296}
  - screenRelativeHeight: 0.018372824
    fadeTransitionWidth: 0
    renderers:
    - renderer: {fileID: 4438892529347174853}
  - screenRelativeHeight: 0.0049425284
    fadeTransitionWidth: 0
    renderers:
    - renderer: {fileID: 932443691815289381}
  m_Enabled: 1
--- !u!1 &2953907781064887639
GameObject:
  m_ObjectHideFlags: 0
  m_CorrespondingSourceObject: {fileID: 0}
  m_PrefabInstance: {fileID: 0}
  m_PrefabAsset: {fileID: 0}
  serializedVersion: 6
  m_Component:
  - component: {fileID: 2953907781064887638}
  - component: {fileID: 8612199360965254033}
  m_Layer: 0
  m_Name: MongolfiereBleu
  m_TagString: Untagged
  m_Icon: {fileID: 0}
  m_NavMeshLayer: 0
  m_StaticEditorFlags: 0
  m_IsActive: 1
--- !u!4 &2953907781064887638
Transform:
  m_ObjectHideFlags: 0
  m_CorrespondingSourceObject: {fileID: 0}
  m_PrefabInstance: {fileID: 0}
  m_PrefabAsset: {fileID: 0}
  m_GameObject: {fileID: 2953907781064887639}
  m_LocalRotation: {x: -0, y: -0, z: -0, w: 1}
  m_LocalPosition: {x: 78, y: 57.800003, z: -339}
  m_LocalScale: {x: 1, y: 1, z: 1}
  m_Children:
  - {fileID: 3419597730196404014}
  m_Father: {fileID: 0}
  m_RootOrder: 0
  m_LocalEulerAnglesHint: {x: 0, y: 0, z: 0}
--- !u!114 &8612199360965254033
MonoBehaviour:
  m_ObjectHideFlags: 0
  m_CorrespondingSourceObject: {fileID: 0}
  m_PrefabInstance: {fileID: 0}
  m_PrefabAsset: {fileID: 0}
  m_GameObject: {fileID: 2953907781064887639}
  m_Enabled: 1
  m_EditorHideFlags: 0
  m_Script: {fileID: 11500000, guid: 5d8f937b83d2a0f469fb35ce1e487436, type: 3}
  m_Name: 
  m_EditorClassIdentifier: 
  frequence: 0.2
  randomAddingToFrequence: {x: 0, y: 0.15}
  amplitude: 30
  randomAddingToAmplitude: {x: -10, y: 10}
  movementDirection: {x: 100, y: 1, z: 10}
  enableRandomOnDirection: 1
  randomMovementDirection: {x: 1, y: 1, z: 1}
  rotationSpeed: 7.0316
  randomRotationSpeed: {x: -3, y: 3}
  useLocalDirection: 0
  useLocalRotation: 0
--- !u!1001 &2953907780998385861
PrefabInstance:
  m_ObjectHideFlags: 0
  serializedVersion: 2
  m_Modification:
    m_TransformParent: {fileID: 2953907781064887638}
    m_Modifications:
    - target: {fileID: -8679921383154817045, guid: 2d415df771ef3ad43b01e99894d7d7c7,
        type: 3}
      propertyPath: m_LocalPosition.x
      value: 0
      objectReference: {fileID: 0}
    - target: {fileID: -8679921383154817045, guid: 2d415df771ef3ad43b01e99894d7d7c7,
        type: 3}
      propertyPath: m_LocalPosition.y
      value: 118.3
      objectReference: {fileID: 0}
    - target: {fileID: -8679921383154817045, guid: 2d415df771ef3ad43b01e99894d7d7c7,
        type: 3}
      propertyPath: m_LocalPosition.z
      value: 0
      objectReference: {fileID: 0}
    - target: {fileID: -8679921383154817045, guid: 2d415df771ef3ad43b01e99894d7d7c7,
        type: 3}
      propertyPath: m_LocalRotation.x
      value: -0
      objectReference: {fileID: 0}
    - target: {fileID: -8679921383154817045, guid: 2d415df771ef3ad43b01e99894d7d7c7,
        type: 3}
      propertyPath: m_LocalRotation.y
      value: -0
      objectReference: {fileID: 0}
    - target: {fileID: -8679921383154817045, guid: 2d415df771ef3ad43b01e99894d7d7c7,
        type: 3}
      propertyPath: m_LocalRotation.z
      value: -0
      objectReference: {fileID: 0}
    - target: {fileID: -8679921383154817045, guid: 2d415df771ef3ad43b01e99894d7d7c7,
        type: 3}
      propertyPath: m_LocalRotation.w
      value: 1
      objectReference: {fileID: 0}
    - target: {fileID: -8679921383154817045, guid: 2d415df771ef3ad43b01e99894d7d7c7,
        type: 3}
      propertyPath: m_RootOrder
      value: 0
      objectReference: {fileID: 0}
    - target: {fileID: -8679921383154817045, guid: 2d415df771ef3ad43b01e99894d7d7c7,
        type: 3}
      propertyPath: m_LocalEulerAnglesHint.x
      value: 0
      objectReference: {fileID: 0}
    - target: {fileID: -8679921383154817045, guid: 2d415df771ef3ad43b01e99894d7d7c7,
        type: 3}
      propertyPath: m_LocalEulerAnglesHint.y
      value: 0
      objectReference: {fileID: 0}
    - target: {fileID: -8679921383154817045, guid: 2d415df771ef3ad43b01e99894d7d7c7,
        type: 3}
      propertyPath: m_LocalEulerAnglesHint.z
      value: 0
      objectReference: {fileID: 0}
    - target: {fileID: -8197868946644928124, guid: 2d415df771ef3ad43b01e99894d7d7c7,
        type: 3}
      propertyPath: m_Mesh
      value: 
      objectReference: {fileID: -1722108207843305486, guid: 625e7e3a88a91eb409d1dc8f53f3f828,
        type: 3}
    - target: {fileID: -6625120639942421792, guid: 2d415df771ef3ad43b01e99894d7d7c7,
        type: 3}
      propertyPath: m_Materials.Array.data[0]
      value: 
      objectReference: {fileID: 2100000, guid: dfb807ff8d8aab04387bbec0e925a09c, type: 2}
    - target: {fileID: -6625120639942421792, guid: 2d415df771ef3ad43b01e99894d7d7c7,
        type: 3}
      propertyPath: m_Materials.Array.data[1]
      value: 
      objectReference: {fileID: 2100000, guid: c114fcaeeade39046b21ff066033f9dd, type: 2}
    - target: {fileID: -6625120639942421792, guid: 2d415df771ef3ad43b01e99894d7d7c7,
        type: 3}
      propertyPath: m_Materials.Array.data[2]
      value: 
      objectReference: {fileID: 2100000, guid: 0780470158aefeb4baaba39a444f7dd0, type: 2}
    - target: {fileID: -2676819651031943872, guid: 2d415df771ef3ad43b01e99894d7d7c7,
        type: 3}
      propertyPath: m_TagString
      value: Sol
      objectReference: {fileID: 0}
    - target: {fileID: -11479776160291352, guid: 2d415df771ef3ad43b01e99894d7d7c7,
        type: 3}
      propertyPath: m_Mesh
      value: 
      objectReference: {fileID: -7062887403203370430, guid: 625e7e3a88a91eb409d1dc8f53f3f828,
        type: 3}
    - target: {fileID: 919132149155446097, guid: 2d415df771ef3ad43b01e99894d7d7c7,
        type: 3}
      propertyPath: m_Name
      value: Mongolfiere
      objectReference: {fileID: 0}
    - target: {fileID: 919132149155446097, guid: 2d415df771ef3ad43b01e99894d7d7c7,
        type: 3}
      propertyPath: m_TagString
      value: Sol
      objectReference: {fileID: 0}
    - target: {fileID: 1541495808467431680, guid: 2d415df771ef3ad43b01e99894d7d7c7,
        type: 3}
      propertyPath: m_Materials.Array.data[0]
      value: 
      objectReference: {fileID: 2100000, guid: dfb807ff8d8aab04387bbec0e925a09c, type: 2}
    - target: {fileID: 1541495808467431680, guid: 2d415df771ef3ad43b01e99894d7d7c7,
        type: 3}
      propertyPath: m_Materials.Array.data[1]
      value: 
      objectReference: {fileID: 2100000, guid: c114fcaeeade39046b21ff066033f9dd, type: 2}
    - target: {fileID: 1541495808467431680, guid: 2d415df771ef3ad43b01e99894d7d7c7,
        type: 3}
      propertyPath: m_Materials.Array.data[2]
      value: 
      objectReference: {fileID: 2100000, guid: 0780470158aefeb4baaba39a444f7dd0, type: 2}
    - target: {fileID: 1851075692633339716, guid: 2d415df771ef3ad43b01e99894d7d7c7,
        type: 3}
      propertyPath: m_TagString
      value: Sol
      objectReference: {fileID: 0}
    - target: {fileID: 4263956494933164642, guid: 2d415df771ef3ad43b01e99894d7d7c7,
        type: 3}
      propertyPath: m_Mesh
      value: 
      objectReference: {fileID: 2876036430364121349, guid: 625e7e3a88a91eb409d1dc8f53f3f828,
        type: 3}
    - target: {fileID: 4481871792263866821, guid: 2d415df771ef3ad43b01e99894d7d7c7,
        type: 3}
      propertyPath: m_Materials.Array.data[0]
      value: 
      objectReference: {fileID: 2100000, guid: 0780470158aefeb4baaba39a444f7dd0, type: 2}
    - target: {fileID: 4481871792263866821, guid: 2d415df771ef3ad43b01e99894d7d7c7,
        type: 3}
      propertyPath: m_Materials.Array.data[1]
      value: 
      objectReference: {fileID: 2100000, guid: dfb807ff8d8aab04387bbec0e925a09c, type: 2}
    - target: {fileID: 4481871792263866821, guid: 2d415df771ef3ad43b01e99894d7d7c7,
        type: 3}
      propertyPath: m_Materials.Array.data[2]
      value: 
      objectReference: {fileID: 2100000, guid: c114fcaeeade39046b21ff066033f9dd, type: 2}
    - target: {fileID: 7950572517542496744, guid: 2d415df771ef3ad43b01e99894d7d7c7,
        type: 3}
      propertyPath: m_TagString
      value: Sol
      objectReference: {fileID: 0}
    m_RemovedComponents: []
  m_SourcePrefab: {fileID: 100100000, guid: 2d415df771ef3ad43b01e99894d7d7c7, type: 3}
--- !u!1 &2611818025932221844 stripped
GameObject:
  m_CorrespondingSourceObject: {fileID: 919132149155446097, guid: 2d415df771ef3ad43b01e99894d7d7c7,
    type: 3}
  m_PrefabInstance: {fileID: 2953907780998385861}
  m_PrefabAsset: {fileID: 0}
--- !u!4 &3419597730196404014 stripped
Transform:
  m_CorrespondingSourceObject: {fileID: -8679921383154817045, guid: 2d415df771ef3ad43b01e99894d7d7c7,
    type: 3}
  m_PrefabInstance: {fileID: 2953907780998385861}
  m_PrefabAsset: {fileID: 0}
--- !u!23 &1642879141048023296 stripped
MeshRenderer:
  m_CorrespondingSourceObject: {fileID: 4481871792263866821, guid: 2d415df771ef3ad43b01e99894d7d7c7,
    type: 3}
  m_PrefabInstance: {fileID: 2953907780998385861}
  m_PrefabAsset: {fileID: 0}
--- !u!23 &4438892529347174853 stripped
MeshRenderer:
  m_CorrespondingSourceObject: {fileID: 1541495808467431680, guid: 2d415df771ef3ad43b01e99894d7d7c7,
    type: 3}
  m_PrefabInstance: {fileID: 2953907780998385861}
  m_PrefabAsset: {fileID: 0}
--- !u!23 &932443691815289381 stripped
MeshRenderer:
  m_CorrespondingSourceObject: {fileID: -6625120639942421792, guid: 2d415df771ef3ad43b01e99894d7d7c7,
    type: 3}
  m_PrefabInstance: {fileID: 2953907780998385861}
  m_PrefabAsset: {fileID: 0}
