%YAML 1.1
%TAG !u! tag:unity3d.com,2011:
--- !u!1 &7771786616203083017
GameObject:
  m_ObjectHideFlags: 0
  m_CorrespondingSourceObject: {fileID: 0}
  m_PrefabInstance: {fileID: 0}
  m_PrefabAsset: {fileID: 0}
  serializedVersion: 6
  m_Component:
  - component: {fileID: 7771786616203083019}
  - component: {fileID: 7771786616203083016}
  - component: {fileID: 7771786616203083022}
  - component: {fileID: 7771786616203083020}
  - component: {fileID: 7771786616203083021}
  - component: {fileID: 7771786616203083018}
  - component: {fileID: 7771786616203083008}
  - component: {fileID: 1229298549}
  - component: {fileID: 1229298550}
  - component: {fileID: 1229298551}
  - component: {fileID: 1229298552}
  - component: {fileID: 1229298553}
  - component: {fileID: 1229298554}
  - component: {fileID: 1229298555}
  - component: {fileID: 1229298556}
  - component: {fileID: 1229298557}
  - component: {fileID: 1229298560}
  - component: {fileID: 1229298561}
  - component: {fileID: 1229298562}
  - component: {fileID: 1229298563}
  - component: {fileID: 1229298564}
  - component: {fileID: 1229298565}
  - component: {fileID: 1229298566}
  - component: {fileID: 1229298567}
  - component: {fileID: 1229298568}
  - component: {fileID: 1229298569}
  - component: {fileID: 1229298570}
  - component: {fileID: 1229298571}
  - component: {fileID: 1229298572}
  - component: {fileID: 1229298573}
  - component: {fileID: 1229298574}
  - component: {fileID: 1229298575}
  - component: {fileID: 1229298576}
  - component: {fileID: 1229298577}
  - component: {fileID: 1229298578}
  - component: {fileID: 1229298579}
  - component: {fileID: 1229298580}
  - component: {fileID: 1229298581}
  - component: {fileID: 1229298582}
  - component: {fileID: 1229298583}
  - component: {fileID: 1229298584}
  - component: {fileID: 1229298585}
  - component: {fileID: 1229298586}
  - component: {fileID: 1229298587}
  - component: {fileID: 1229298588}
  - component: {fileID: 1229298589}
  - component: {fileID: 1229298590}
  - component: {fileID: 1229298591}
  - component: {fileID: 1229298592}
  - component: {fileID: 1229298593}
  - component: {fileID: 1229298594}
  - component: {fileID: 1229298595}
  - component: {fileID: 1229298596}
  - component: {fileID: 1229298597}
  - component: {fileID: 1229298598}
  - component: {fileID: 1229298599}
  m_Layer: 0
  m_Name: CableTelesiege
  m_TagString: Untagged
  m_Icon: {fileID: 0}
  m_NavMeshLayer: 0
  m_StaticEditorFlags: 0
  m_IsActive: 1
--- !u!4 &7771786616203083019
Transform:
  m_ObjectHideFlags: 0
  m_CorrespondingSourceObject: {fileID: 0}
  m_PrefabInstance: {fileID: 0}
  m_PrefabAsset: {fileID: 0}
  m_GameObject: {fileID: 7771786616203083017}
  m_LocalRotation: {x: 0, y: 0, z: 0, w: 1}
  m_LocalPosition: {x: 0, y: 0, z: 0}
  m_LocalScale: {x: 1, y: 1, z: 1}
  m_Children:
  - {fileID: 4683489527516467986}
  - {fileID: 4683489528128190417}
  - {fileID: 4683489526595333424}
  - {fileID: 4683489528174005009}
  - {fileID: 4683489526931616640}
  - {fileID: 4683489527377567512}
  - {fileID: 4683489528236837820}
  - {fileID: 4683489527464158097}
  - {fileID: 4683489528062868552}
  - {fileID: 4683489528322569218}
  m_Father: {fileID: 0}
  m_RootOrder: 0
  m_LocalEulerAnglesHint: {x: 0, y: 0, z: 0}
--- !u!114 &7771786616203083016
MonoBehaviour:
  m_ObjectHideFlags: 0
  m_CorrespondingSourceObject: {fileID: 0}
  m_PrefabInstance: {fileID: 0}
  m_PrefabAsset: {fileID: 0}
  m_GameObject: {fileID: 7771786616203083017}
  m_Enabled: 1
  m_EditorHideFlags: 0
  m_Script: {fileID: 11500000, guid: e70f079e2a6bf364e8185b765fbe61c0, type: 3}
  m_Name: 
  m_EditorClassIdentifier: 
  settings:
    hideHandles: 0
    newPointDistance: 2
    showCurve: 1
    showCurveMode: 1
    showCurveOption: 0
    sections: 20
    showPointMenu: 1
    showTangents: 0
    tangentsSize: 0.7
    tangentsColor: {r: 1, g: 1, b: 1, a: 1}
    tangentsPerSection: 1
    controlType: 1
    vRay: 0
    lineColor: {r: 1, g: 0, b: 0, a: 1}
    restrictGizmoz: 
    showPointControlType: 1
    showPointPosition: 1
    showHandles: 1
    handlesType: 0
    handlesSettings:
      RemoveX: 0
      RemoveY: 0
      RemoveZ: 0
      RemoveXZ: 0
      RemoveXY: 0
      RemoveYZ: 0
      AxisScale: 1
      PlanesScale: 1
      Alpha: 1
    showLabels: 1
    labelColor: {r: 1, g: 1, b: 1, a: 1}
    showPositions: 0
    labelColorSelected: {r: 0, g: 1, b: 0, a: 1}
    showSpheres: 1
    sphereRadius: 0.1
    sphereColor: {r: 1, g: 0, b: 0, a: 1}
    showPointControlPositions: 1
    showControlHandles: 1
    controlHandlesType: 0
    controlHandlesSettings:
      RemoveX: 0
      RemoveY: 0
      RemoveZ: 0
      RemoveXZ: 0
      RemoveXY: 0
      RemoveYZ: 0
      AxisScale: 0.7
      PlanesScale: 0.7
      Alpha: 0.7
    controlHandlesColor: {r: 0, g: 1, b: 1, a: 1}
    showControlLabels: 1
    showControlPositions: 0
    labelControlColor: {r: 1, g: 0.92156863, b: 0.015686275, a: 1}
    showTransformField: 0
    existing: 1
  mode2D: 0
  closed: 1
  points: []
  pointsComponents:
  - {fileID: 7771786616203083008}
  - {fileID: 7771786616203083022}
  - {fileID: 1229298551}
  - {fileID: 1229298549}
  - {fileID: 1229298553}
  - {fileID: 1229298555}
  - {fileID: 1229298554}
  - {fileID: 1229298550}
  - {fileID: 1229298552}
  pointsGameObjects: []
  fields:
  - {fileID: 1229298589}
  snapType: 0
  snapAxis: 1
  snapDistance: 10
  snapLayerMask:
    serializedVersion: 2
    m_Bits: 4294967295
  snapTriggerInteraction: 0
  snapToBackFaces: 0
  snapMonitoring: 0
  eventMode: 0
  pointsMode: 1
  forceChangedEventMode: 0
--- !u!114 &7771786616203083022
MonoBehaviour:
  m_ObjectHideFlags: 0
  m_CorrespondingSourceObject: {fileID: 0}
  m_PrefabInstance: {fileID: 0}
  m_PrefabAsset: {fileID: 0}
  m_GameObject: {fileID: 7771786616203083017}
  m_Enabled: 1
  m_EditorHideFlags: 0
  m_Script: {fileID: 11500000, guid: 8cdc035869a65674f92b3b83794effb9, type: 3}
  m_Name: 
  m_EditorClassIdentifier: 
  point:
    controlType: 1
    positionLocal: {x: 2.585968, y: 1.3246479, z: -4.776123}
    controlFirstLocal: {x: 10, y: -0.5295658, z: 0}
    controlSecondLocal: {x: -10, y: 0.5295658, z: -0}
    pointTransform: {fileID: 0}
    curve: {fileID: 7771786616203083016}
    fieldsValues:
    - boolValues: 
      intValues: 
      floatValues:
      - 0
      stringValues: []
      vector3Values: []
      boundsValues: []
      colorValues: []
      quaternionValues: []
      animationCurveValues: []
      gameObjectValues: []
      componentValues: []
      bgCurveValues: []
      bgCurvePointComponentValues: []
      bgCurvePointGOValues: []
--- !u!120 &7771786616203083020
LineRenderer:
  m_ObjectHideFlags: 0
  m_CorrespondingSourceObject: {fileID: 0}
  m_PrefabInstance: {fileID: 0}
  m_PrefabAsset: {fileID: 0}
  m_GameObject: {fileID: 7771786616203083017}
  m_Enabled: 1
  m_CastShadows: 1
  m_ReceiveShadows: 1
  m_DynamicOccludee: 1
  m_MotionVectors: 0
  m_LightProbeUsage: 0
  m_ReflectionProbeUsage: 0
  m_RayTracingMode: 0
  m_RenderingLayerMask: 1
  m_RendererPriority: 0
  m_Materials:
  - {fileID: 2100000, guid: ebb58d7b8f059c349946d279f0d47ebf, type: 2}
  m_StaticBatchInfo:
    firstSubMesh: 0
    subMeshCount: 0
  m_StaticBatchRoot: {fileID: 0}
  m_ProbeAnchor: {fileID: 0}
  m_LightProbeVolumeOverride: {fileID: 0}
  m_ScaleInLightmap: 1
  m_ReceiveGI: 1
  m_PreserveUVs: 0
  m_IgnoreNormalsForChartDetection: 0
  m_ImportantGI: 0
  m_StitchLightmapSeams: 1
  m_SelectedEditorRenderState: 3
  m_MinimumChartSize: 4
  m_AutoUVMaxDistance: 0.5
  m_AutoUVMaxAngle: 89
  m_LightmapParameters: {fileID: 0}
  m_SortingLayerID: 0
  m_SortingLayer: 0
  m_SortingOrder: 0
  m_Positions:
  - {x: -209.42198, y: 32.161102, z: 44.92897}
  - {x: -207.55394, y: 32.020046, z: 44.703594}
  - {x: -205.95007, y: 31.902704, z: 44.0694}
  - {x: -204.61075, y: 31.808086, z: 43.08928}
  - {x: -203.53638, y: 31.7352, z: 41.82613}
  - {x: -202.72733, y: 31.68306, z: 40.342846}
  - {x: -202.18398, y: 31.65067, z: 38.702324}
  - {x: -201.90672, y: 31.637043, z: 36.96746}
  - {x: -201.89595, y: 31.64119, z: 35.20115}
  - {x: -202.15202, y: 31.662117, z: 33.466286}
  - {x: -202.67535, y: 31.698837, z: 31.825762}
  - {x: -203.4663, y: 31.750357, z: 30.34248}
  - {x: -204.52525, y: 31.81569, z: 29.07933}
  - {x: -205.8526, y: 31.893843, z: 28.099209}
  - {x: -207.44873, y: 31.983826, z: 27.465015}
  - {x: -209.31403, y: 32.08465, z: 27.23964}
  - {x: -211.2592, y: 32.203632, z: 27.254227}
  - {x: -213.09972, y: 32.35259, z: 27.295872}
  - {x: -214.84308, y: 32.537273, z: 27.361406}
  - {x: -216.4968, y: 32.763435, z: 27.447655}
  - {x: -218.06836, y: 33.036823, z: 27.551449}
  - {x: -219.56528, y: 33.36319, z: 27.669613}
  - {x: -220.99506, y: 33.74829, z: 27.798975}
  - {x: -222.36519, y: 34.197872, z: 27.936367}
  - {x: -223.68318, y: 34.71768, z: 28.078613}
  - {x: -224.95653, y: 35.31348, z: 28.222544}
  - {x: -226.19275, y: 35.991013, z: 28.364986}
  - {x: -227.39932, y: 36.75603, z: 28.502768}
  - {x: -228.58377, y: 37.61429, z: 28.632717}
  - {x: -229.75357, y: 38.57153, z: 28.751661}
  - {x: -230.91626, y: 39.633514, z: 28.85643}
  - {x: -232.9647, y: 41.62831, z: 29.052223}
  - {x: -236.63025, y: 45.210278, z: 29.430832}
  - {x: -241.67809, y: 50.12458, z: 29.96896}
  - {x: -247.8734, y: 56.116386, z: 30.64332}
  - {x: -254.98138, y: 62.930862, z: 31.430618}
  - {x: -262.7672, y: 70.31318, z: 32.307564}
  - {x: -270.9961, y: 78.008514, z: 33.250862}
  - {x: -279.4332, y: 85.76202, z: 34.23723}
  - {x: -287.84372, y: 93.31886, z: 35.243362}
  - {x: -295.99286, y: 100.42423, z: 36.24598}
  - {x: -303.64575, y: 106.82328, z: 37.221786}
  - {x: -310.56763, y: 112.26118, z: 38.147488}
  - {x: -316.52368, y: 116.48309, z: 38.999798}
  - {x: -321.27908, y: 119.23419, z: 39.75542}
  - {x: -324.599, y: 120.25965, z: 40.391068}
  - {x: -326.9227, y: 120.31515, z: 40.90833}
  - {x: -328.86954, y: 120.330124, z: 41.33132}
  - {x: -330.47476, y: 120.31041, z: 41.670555}
  - {x: -331.7737, y: 120.261826, z: 41.93652}
  - {x: -332.80167, y: 120.190186, z: 42.139725}
  - {x: -333.59393, y: 120.10132, z: 42.290665}
  - {x: -334.18582, y: 120.00104, z: 42.399845}
  - {x: -334.6126, y: 119.89518, z: 42.477764}
  - {x: -334.90964, y: 119.78955, z: 42.53492}
  - {x: -335.11215, y: 119.68997, z: 42.581818}
  - {x: -335.2555, y: 119.60227, z: 42.628952}
  - {x: -335.37494, y: 119.53227, z: 42.686832}
  - {x: -335.5058, y: 119.485794, z: 42.765953}
  - {x: -335.68338, y: 119.46865, z: 42.876812}
  - {x: -335.94296, y: 119.48667, z: 43.02992}
  - {x: -337.56906, y: 119.372215, z: 45.88567}
  - {x: -341.56754, y: 118.981766, z: 53.600105}
  - {x: -347.5558, y: 118.35734, z: 65.427185}
  - {x: -355.15125, y: 117.54095, z: 80.62086}
  - {x: -363.97125, y: 116.5746, z: 98.43509}
  - {x: -373.63327, y: 115.50031, z: 118.12383}
  - {x: -383.75467, y: 114.36009, z: 138.94104}
  - {x: -393.95282, y: 113.19595, z: 160.14067}
  - {x: -403.84518, y: 112.04991, z: 180.97667}
  - {x: -413.0491, y: 110.96397, z: 200.70302}
  - {x: -421.182, y: 109.98015, z: 218.57365}
  - {x: -427.8613, y: 109.14046, z: 233.84253}
  - {x: -432.70435, y: 108.4869, z: 245.76361}
  - {x: -435.32858, y: 108.06151, z: 253.59085}
  - {x: -435.35138, y: 107.90627, z: 256.57822}
  - {x: -432.8135, y: 108.040886, z: 254.44943}
  - {x: -428.22797, y: 108.43131, z: 247.87808}
  - {x: -421.92062, y: 109.03903, z: 237.54279}
  - {x: -414.21732, y: 109.82549, z: 224.12221}
  - {x: -405.44382, y: 110.75217, z: 208.29498}
  - {x: -395.926, y: 111.78052, z: 190.73979}
  - {x: -385.9897, y: 112.87201, z: 172.13527}
  - {x: -375.9607, y: 113.988106, z: 153.16006}
  - {x: -366.16486, y: 115.09026, z: 134.49283}
  - {x: -356.92804, y: 116.13995, z: 116.81221}
  - {x: -348.57602, y: 117.09863, z: 100.79687}
  - {x: -341.43463, y: 117.92777, z: 87.12544}
  - {x: -335.82974, y: 118.58883, z: 76.47659}
  - {x: -332.08716, y: 119.04327, z: 69.52897}
  - {x: -330.5327, y: 119.252556, z: 66.96121}
  - {x: -330.2243, y: 119.3358, z: 66.83026}
  - {x: -329.98294, y: 119.434555, z: 66.73457}
  - {x: -329.77927, y: 119.543945, z: 66.66512}
  - {x: -329.58383, y: 119.65911, z: 66.61287}
  - {x: -329.36725, y: 119.77518, z: 66.56879}
  - {x: -329.10007, y: 119.88728, z: 66.52383}
  - {x: -328.7529, y: 119.990555, z: 66.46897}
  - {x: -328.2963, y: 120.08012, z: 66.39517}
  - {x: -327.7009, y: 120.151115, z: 66.293396}
  - {x: -326.93726, y: 120.19867, z: 66.15462}
  - {x: -325.97592, y: 120.21792, z: 65.96979}
  - {x: -324.78754, y: 120.20399, z: 65.72989}
  - {x: -323.34268, y: 120.15201, z: 65.42587}
  - {x: -321.6119, y: 120.05712, z: 65.04871}
  - {x: -319.5658, y: 119.914444, z: 64.58937}
  - {x: -316.54816, y: 118.74606, z: 63.88747}
  - {x: -312.08118, y: 115.761604, z: 62.829166}
  - {x: -306.4031, y: 111.23752, z: 61.47524}
  - {x: -299.7521, y: 105.450264, z: 59.886456}
  - {x: -292.36642, y: 98.67631, z: 58.123585}
  - {x: -284.4843, y: 91.19209, z: 56.247402}
  - {x: -276.3439, y: 83.27408, z: 54.318676}
  - {x: -268.1835, y: 75.19872, z: 52.39818}
  - {x: -260.24127, y: 67.242485, z: 50.54668}
  - {x: -252.75545, y: 59.681824, z: 48.824955}
  - {x: -245.96423, y: 52.79319, z: 47.29377}
  - {x: -240.10588, y: 46.853043, z: 46.0139}
  - {x: -235.41856, y: 42.137836, z: 45.046116}
  - {x: -232.14053, y: 38.924034, z: 44.45119}
  - {x: -230.51, y: 37.488083, z: 44.28989}
  - {x: -229.73213, y: 37.03351, z: 44.364037}
  - {x: -228.8548, y: 36.581333, z: 44.43477}
  - {x: -227.88025, y: 36.134285, z: 44.501835}
  - {x: -226.81075, y: 35.695087, z: 44.564983}
  - {x: -225.64853, y: 35.266464, z: 44.62396}
  - {x: -224.39586, y: 34.85114, z: 44.678513}
  - {x: -223.05496, y: 34.451836, z: 44.728394}
  - {x: -221.6281, y: 34.071278, z: 44.773346}
  - {x: -220.11752, y: 33.712193, z: 44.813126}
  - {x: -218.52548, y: 33.3773, z: 44.847473}
  - {x: -216.85422, y: 33.06933, z: 44.87614}
  - {x: -215.10599, y: 32.790997, z: 44.898876}
  - {x: -213.28304, y: 32.545033, z: 44.91543}
  - {x: -211.38762, y: 32.33416, z: 44.92554}
  - {x: -209.42198, y: 32.161102, z: 44.92897}
  m_Parameters:
    serializedVersion: 3
    widthMultiplier: 0.3
    widthCurve:
      serializedVersion: 2
      m_Curve:
      - serializedVersion: 3
        time: 0
        value: 1
        inSlope: 0
        outSlope: 0
        tangentMode: 0
        weightedMode: 0
        inWeight: 0.33333334
        outWeight: 0.33333334
      m_PreInfinity: 2
      m_PostInfinity: 2
      m_RotationOrder: 4
    colorGradient:
      serializedVersion: 2
      key0: {r: 0, g: 0, b: 0, a: 1}
      key1: {r: 0, g: 0, b: 0, a: 1}
      key2: {r: 0, g: 1, b: 0.1881628, a: 0}
      key3: {r: 0, g: 1, b: 0.54320717, a: 0}
      key4: {r: 0.13071728, g: 0, b: 1, a: 0}
      key5: {r: 1, g: 0, b: 0.8595042, a: 0}
      key6: {r: 1, g: 0, b: 0, a: 0}
      key7: {r: 0, g: 0, b: 0, a: 0}
      ctime0: 0
      ctime1: 65535
      ctime2: 21010
      ctime3: 30840
      ctime4: 42598
      ctime5: 53199
      ctime6: 65535
      ctime7: 0
      atime0: 0
      atime1: 65535
      atime2: 0
      atime3: 0
      atime4: 0
      atime5: 0
      atime6: 0
      atime7: 0
      m_Mode: 0
      m_NumColorKeys: 2
      m_NumAlphaKeys: 2
    numCornerVertices: 4
    numCapVertices: 4
    alignment: 0
    textureMode: 0
    shadowBias: 0.5
    generateLightingData: 0
  m_UseWorldSpace: 1
  m_Loop: 0
--- !u!114 &7771786616203083021
MonoBehaviour:
  m_ObjectHideFlags: 0
  m_CorrespondingSourceObject: {fileID: 0}
  m_PrefabInstance: {fileID: 0}
  m_PrefabAsset: {fileID: 0}
  m_GameObject: {fileID: 7771786616203083017}
  m_Enabled: 1
  m_EditorHideFlags: 0
  m_Script: {fileID: 11500000, guid: b6d20671ad38ded4fa2362df353b9a31, type: 3}
  m_Name: 
  m_EditorClassIdentifier: 
  showHandles: 0
  hidden: 0
  parent: {fileID: 0}
  ccName: 
  fields: 3
  mathType: 0
  sectionParts: 15
  optimizeStraightLines: 1
  tolerance: 0.1
  usePositionToCalculateTangents: 0
  updateMode: 0
  rendererForUpdateCheck: {fileID: 0}
  mathChangedEvent:
    m_PersistentCalls:
      m_Calls: []
  spheresScale: 1
  spheresColor: {r: 1, g: 1, b: 1, a: 1}
  spheresCount: 100
--- !u!114 &7771786616203083018
MonoBehaviour:
  m_ObjectHideFlags: 0
  m_CorrespondingSourceObject: {fileID: 0}
  m_PrefabInstance: {fileID: 0}
  m_PrefabAsset: {fileID: 0}
  m_GameObject: {fileID: 7771786616203083017}
  m_Enabled: 1
  m_EditorHideFlags: 0
  m_Script: {fileID: 11500000, guid: 8a69af748a081a14dbc7aa333bece5af, type: 3}
  m_Name: 
  m_EditorClassIdentifier: 
  showHandles: 1
  hidden: 0
  parent: {fileID: 7771786616203083021}
  ccName: 
  splitMode: 0
  partsTotal: 30
  partsPerSection: 30
  doNotOptimizeStraightLines: 0
  useLocal: 0
  spheresScale: 1
  spheresColor: {r: 1, g: 1, b: 1, a: 1}
  spheresCount: 100
  updateAtStart: 0
--- !u!114 &7771786616203083008
MonoBehaviour:
  m_ObjectHideFlags: 0
  m_CorrespondingSourceObject: {fileID: 0}
  m_PrefabInstance: {fileID: 0}
  m_PrefabAsset: {fileID: 0}
  m_GameObject: {fileID: 7771786616203083017}
  m_Enabled: 1
  m_EditorHideFlags: 0
  m_Script: {fileID: 11500000, guid: 8cdc035869a65674f92b3b83794effb9, type: 3}
  m_Name: 
  m_EditorClassIdentifier: 
  point:
    controlType: 1
    positionLocal: {x: 2.478012, y: 1.4011021, z: 12.913208}
    controlFirstLocal: {x: -10, y: 0.7662163, z: -0}
    controlSecondLocal: {x: 10, y: -0.7662163, z: 0}
    pointTransform: {fileID: 0}
    curve: {fileID: 7771786616203083016}
    fieldsValues:
    - boolValues: 
      intValues: 
      floatValues:
      - 0
      stringValues: []
      vector3Values: []
      boundsValues: []
      colorValues: []
      quaternionValues: []
      animationCurveValues: []
      gameObjectValues: []
      componentValues: []
      bgCurveValues: []
      bgCurvePointComponentValues: []
      bgCurvePointGOValues: []
--- !u!114 &1229298549
MonoBehaviour:
  m_ObjectHideFlags: 0
  m_CorrespondingSourceObject: {fileID: 0}
  m_PrefabInstance: {fileID: 0}
  m_PrefabAsset: {fileID: 0}
  m_GameObject: {fileID: 7771786616203083017}
  m_Enabled: 1
  m_EditorHideFlags: 0
  m_Script: {fileID: 11500000, guid: 8cdc035869a65674f92b3b83794effb9, type: 3}
  m_Name: 
  m_EditorClassIdentifier: 
  point:
    controlType: 1
    positionLocal: {x: -112.699005, y: 89.49965, z: 8.375305}
    controlFirstLocal: {x: 12.619629, y: -0.38845825, z: -2.839466}
    controlSecondLocal: {x: -12.619629, y: 0.38845825, z: 2.839466}
    pointTransform: {fileID: 0}
    curve: {fileID: 7771786616203083016}
    fieldsValues:
    - boolValues: 
      intValues: 
      floatValues:
      - 0
      stringValues: []
      vector3Values: []
      boundsValues: []
      colorValues: []
      quaternionValues: []
      animationCurveValues: []
      gameObjectValues: []
      componentValues: []
      bgCurveValues: []
      bgCurvePointComponentValues: []
      bgCurvePointGOValues: []
--- !u!114 &1229298550
MonoBehaviour:
  m_ObjectHideFlags: 0
  m_CorrespondingSourceObject: {fileID: 0}
  m_PrefabInstance: {fileID: 0}
  m_PrefabAsset: {fileID: 0}
  m_GameObject: {fileID: 7771786616203083017}
  m_Enabled: 1
  m_EditorHideFlags: 0
  m_Script: {fileID: 11500000, guid: 8cdc035869a65674f92b3b83794effb9, type: 3}
  m_Name: 
  m_EditorClassIdentifier: 
  point:
    controlType: 1
    positionLocal: {x: -107.6658, y: 89.15444, z: 32.57361}
    controlFirstLocal: {x: -11.06781, y: 0.8409424, z: 2.5172272}
    controlSecondLocal: {x: 11.06781, y: -0.8409424, z: -2.5172272}
    pointTransform: {fileID: 0}
    curve: {fileID: 7771786616203083016}
    fieldsValues:
    - boolValues: 
      intValues: 
      floatValues:
      - 0
      stringValues: []
      vector3Values: []
      boundsValues: []
      colorValues: []
      quaternionValues: []
      animationCurveValues: []
      gameObjectValues: []
      componentValues: []
      bgCurveValues: []
      bgCurvePointComponentValues: []
      bgCurvePointGOValues: []
--- !u!114 &1229298551
MonoBehaviour:
  m_ObjectHideFlags: 0
  m_CorrespondingSourceObject: {fileID: 0}
  m_PrefabInstance: {fileID: 0}
  m_PrefabAsset: {fileID: 0}
  m_GameObject: {fileID: 7771786616203083017}
  m_Enabled: 1
  m_EditorHideFlags: 0
  m_Script: {fileID: 11500000, guid: 8cdc035869a65674f92b3b83794effb9, type: 3}
  m_Name: 
  m_EditorClassIdentifier: 
  point:
    controlType: 1
    positionLocal: {x: -19.016266, y: 8.873514, z: -3.1593323}
    controlFirstLocal: {x: 5.80809, y: -5.581352, z: -0.48311615}
    controlSecondLocal: {x: -5.80809, y: 5.581352, z: 0.48311615}
    pointTransform: {fileID: 0}
    curve: {fileID: 7771786616203083016}
    fieldsValues:
    - boolValues: 
      intValues: 
      floatValues:
      - 0
      stringValues: []
      vector3Values: []
      boundsValues: []
      colorValues: []
      quaternionValues: []
      animationCurveValues: []
      gameObjectValues: []
      componentValues: []
      bgCurveValues: []
      bgCurvePointComponentValues: []
      bgCurvePointGOValues: []
--- !u!114 &1229298552
MonoBehaviour:
  m_ObjectHideFlags: 0
  m_CorrespondingSourceObject: {fileID: 0}
  m_PrefabInstance: {fileID: 0}
  m_PrefabAsset: {fileID: 0}
  m_GameObject: {fileID: 7771786616203083017}
  m_Enabled: 1
  m_EditorHideFlags: 0
  m_Script: {fileID: 11500000, guid: 8cdc035869a65674f92b3b83794effb9, type: 3}
  m_Name: 
  m_EditorClassIdentifier: 
  point:
    controlType: 1
    positionLocal: {x: -18.61, y: 6.7280827, z: 12.274128}
    controlFirstLocal: {x: -3.6369476, y: 2.2743454, z: -0.37885666}
    controlSecondLocal: {x: 3.6369476, y: -2.2743454, z: 0.37885666}
    pointTransform: {fileID: 0}
    curve: {fileID: 7771786616203083016}
    fieldsValues:
    - boolValues: 
      intValues: 
      floatValues:
      - 0
      stringValues: []
      vector3Values: []
      boundsValues: []
      colorValues: []
      quaternionValues: []
      animationCurveValues: []
      gameObjectValues: []
      componentValues: []
      bgCurveValues: []
      bgCurvePointComponentValues: []
      bgCurvePointGOValues: []
--- !u!114 &1229298553
MonoBehaviour:
  m_ObjectHideFlags: 0
  m_CorrespondingSourceObject: {fileID: 0}
  m_PrefabInstance: {fileID: 0}
  m_PrefabAsset: {fileID: 0}
  m_GameObject: {fileID: 7771786616203083017}
  m_Enabled: 1
  m_EditorHideFlags: 0
  m_Script: {fileID: 11500000, guid: 8cdc035869a65674f92b3b83794effb9, type: 3}
  m_Name: 
  m_EditorClassIdentifier: 
  point:
    controlType: 1
    positionLocal: {x: -124.04297, y: 88.72667, z: 11.014156}
    controlFirstLocal: {x: 1.5618286, y: -0.187706, z: -0.8886337}
    controlSecondLocal: {x: -1.5618286, y: 0.187706, z: 0.8886337}
    pointTransform: {fileID: 0}
    curve: {fileID: 7771786616203083016}
    fieldsValues:
    - boolValues: 
      intValues: 
      floatValues:
      - 0
      stringValues: []
      vector3Values: []
      boundsValues: []
      colorValues: []
      quaternionValues: []
      animationCurveValues: []
      gameObjectValues: []
      componentValues: []
      bgCurveValues: []
      bgCurvePointComponentValues: []
      bgCurvePointGOValues: []
--- !u!114 &1229298554
MonoBehaviour:
  m_ObjectHideFlags: 0
  m_CorrespondingSourceObject: {fileID: 0}
  m_PrefabInstance: {fileID: 0}
  m_PrefabAsset: {fileID: 0}
  m_GameObject: {fileID: 7771786616203083017}
  m_Enabled: 1
  m_EditorHideFlags: 0
  m_Script: {fileID: 11500000, guid: 8cdc035869a65674f92b3b83794effb9, type: 3}
  m_Name: 
  m_EditorClassIdentifier: 
  point:
    controlType: 1
    positionLocal: {x: -118.63272, y: 88.49255, z: 34.94545}
    controlFirstLocal: {x: -1.7588501, y: -0.36933136, z: 0.75800323}
    controlSecondLocal: {x: 1.7588501, y: 0.36933136, z: -0.75800323}
    pointTransform: {fileID: 0}
    curve: {fileID: 7771786616203083016}
    fieldsValues:
    - boolValues: 
      intValues: 
      floatValues:
      - 0
      stringValues: []
      vector3Values: []
      boundsValues: []
      colorValues: []
      quaternionValues: []
      animationCurveValues: []
      gameObjectValues: []
      componentValues: []
      bgCurveValues: []
      bgCurvePointComponentValues: []
      bgCurvePointGOValues: []
--- !u!114 &1229298555
MonoBehaviour:
  m_ObjectHideFlags: 0
  m_CorrespondingSourceObject: {fileID: 0}
  m_PrefabInstance: {fileID: 0}
  m_PrefabAsset: {fileID: 0}
  m_GameObject: {fileID: 7771786616203083017}
  m_Enabled: 1
  m_EditorHideFlags: 0
  m_Script: {fileID: 11500000, guid: 8cdc035869a65674f92b3b83794effb9, type: 3}
  m_Name: 
  m_EditorClassIdentifier: 
  point:
    controlType: 1
    positionLocal: {x: -223.45139, y: 77.14627, z: 224.56245}
    controlFirstLocal: {x: -7.0272217, y: 0.030731201, z: -1.5936661}
    controlSecondLocal: {x: 7.0272217, y: -0.030731201, z: 1.5936661}
    pointTransform: {fileID: 0}
    curve: {fileID: 7771786616203083016}
    fieldsValues:
    - boolValues: 
      intValues: 
      floatValues:
      - 0
      stringValues: []
      vector3Values: []
      boundsValues: []
      colorValues: []
      quaternionValues: []
      animationCurveValues: []
      gameObjectValues: []
      componentValues: []
      bgCurveValues: []
      bgCurvePointComponentValues: []
      bgCurvePointGOValues: []
--- !u!114 &1229298556
MonoBehaviour:
  m_ObjectHideFlags: 0
  m_CorrespondingSourceObject: {fileID: 0}
  m_PrefabInstance: {fileID: 0}
  m_PrefabAsset: {fileID: 0}
  m_GameObject: {fileID: 7771786616203083017}
  m_Enabled: 1
  m_EditorHideFlags: 0
  m_Script: {fileID: 11500000, guid: 23f6c63f13e40be449a87a9114fb11ff, type: 3}
  m_Name: 
  m_EditorClassIdentifier: 
  showHandles: 0
  hidden: 0
  parent: {fileID: 1229298564}
  ccName: 
  objectToManipulate: {fileID: 4683489528128190417}
  rotationInterpolation: 0
  lerpSpeed: 5
  slerpSpeed: 5
  offsetAngle: {x: 0, y: 0, z: 0}
  upMode: 0
  upCustom: {x: 0, y: 1, z: 0}
  rotationField: {fileID: 0}
  revolutionsAroundTangent: 0
  revolutionsAroundTangentField: {fileID: 0}
  revolutionsClockwise: 0
  revolutionsClockwiseField: {fileID: 0}
  handlesScale: 1
  handlesColor: {r: 1, g: 1, b: 1, a: 1}
--- !u!114 &1229298557
MonoBehaviour:
  m_ObjectHideFlags: 0
  m_CorrespondingSourceObject: {fileID: 0}
  m_PrefabInstance: {fileID: 0}
  m_PrefabAsset: {fileID: 0}
  m_GameObject: {fileID: 7771786616203083017}
  m_Enabled: 1
  m_EditorHideFlags: 0
  m_Script: {fileID: 11500000, guid: 06627f7d7396a40418f87b2a58e6ddbe, type: 3}
  m_Name: 
  m_EditorClassIdentifier: 
  curve: {fileID: 7771786616203083016}
  fieldName: Speed
  type: 2
  showHandles: 1
  handlesType: 1
  handlesColor: {r: 0.51370597, g: 0.9811321, b: 0.61116785, a: 1}
  showInPointsMenu: 1
--- !u!114 &1229298560
MonoBehaviour:
  m_ObjectHideFlags: 0
  m_CorrespondingSourceObject: {fileID: 0}
  m_PrefabInstance: {fileID: 0}
  m_PrefabAsset: {fileID: 0}
  m_GameObject: {fileID: 7771786616203083017}
  m_Enabled: 1
  m_EditorHideFlags: 0
  m_Script: {fileID: 11500000, guid: 9d916ef28168e544d9dc5bb790f67ba0, type: 3}
  m_Name: 
  m_EditorClassIdentifier: 
  showHandles: 1
  hidden: 0
  parent: {fileID: 1229298561}
  ccName: 
  objectToManipulate: {fileID: 4683489527516467986}
--- !u!114 &1229298561
MonoBehaviour:
  m_ObjectHideFlags: 0
  m_CorrespondingSourceObject: {fileID: 0}
  m_PrefabInstance: {fileID: 0}
  m_PrefabAsset: {fileID: 0}
  m_GameObject: {fileID: 7771786616203083017}
  m_Enabled: 1
  m_EditorHideFlags: 0
  m_Script: {fileID: 11500000, guid: 924df4c68ad59e943b47b75f2323f73a, type: 3}
  m_Name: 
  m_EditorClassIdentifier: 
  showHandles: 1
  hidden: 0
  parent: {fileID: 7771786616203083021}
  ccName: Siege1
  distance: 0
  handlesScale: 1
  handlesColor: {r: 0.91330194, g: 0, b: 1, a: 1}
--- !u!114 &1229298562
MonoBehaviour:
  m_ObjectHideFlags: 0
  m_CorrespondingSourceObject: {fileID: 0}
  m_PrefabInstance: {fileID: 0}
  m_PrefabAsset: {fileID: 0}
  m_GameObject: {fileID: 7771786616203083017}
  m_Enabled: 1
  m_EditorHideFlags: 0
  m_Script: {fileID: 11500000, guid: 23f6c63f13e40be449a87a9114fb11ff, type: 3}
  m_Name: 
  m_EditorClassIdentifier: 
  showHandles: 0
  hidden: 0
  parent: {fileID: 1229298561}
  ccName: 
  objectToManipulate: {fileID: 4683489527516467986}
  rotationInterpolation: 0
  lerpSpeed: 5
  slerpSpeed: 7.2
  offsetAngle: {x: 0, y: 0, z: 0}
  upMode: 0
  upCustom: {x: 0, y: 1, z: 0}
  rotationField: {fileID: 0}
  revolutionsAroundTangent: 0
  revolutionsAroundTangentField: {fileID: 0}
  revolutionsClockwise: 0
  revolutionsClockwiseField: {fileID: 0}
  handlesScale: 0.805
  handlesColor: {r: 1, g: 1, b: 1, a: 1}
--- !u!114 &1229298563
MonoBehaviour:
  m_ObjectHideFlags: 0
  m_CorrespondingSourceObject: {fileID: 0}
  m_PrefabInstance: {fileID: 0}
  m_PrefabAsset: {fileID: 0}
  m_GameObject: {fileID: 7771786616203083017}
  m_Enabled: 1
  m_EditorHideFlags: 0
  m_Script: {fileID: 11500000, guid: 9d916ef28168e544d9dc5bb790f67ba0, type: 3}
  m_Name: 
  m_EditorClassIdentifier: 
  showHandles: 1
  hidden: 0
  parent: {fileID: 1229298564}
  ccName: 
  objectToManipulate: {fileID: 4683489528128190417}
--- !u!114 &1229298564
MonoBehaviour:
  m_ObjectHideFlags: 0
  m_CorrespondingSourceObject: {fileID: 0}
  m_PrefabInstance: {fileID: 0}
  m_PrefabAsset: {fileID: 0}
  m_GameObject: {fileID: 7771786616203083017}
  m_Enabled: 1
  m_EditorHideFlags: 0
  m_Script: {fileID: 11500000, guid: 924df4c68ad59e943b47b75f2323f73a, type: 3}
  m_Name: 
  m_EditorClassIdentifier: 
  showHandles: 1
  hidden: 0
  parent: {fileID: 7771786616203083021}
  ccName: Siege2
  distance: 80
  handlesScale: 1
  handlesColor: {r: 1, g: 1, b: 1, a: 1}
--- !u!114 &1229298565
MonoBehaviour:
  m_ObjectHideFlags: 0
  m_CorrespondingSourceObject: {fileID: 0}
  m_PrefabInstance: {fileID: 0}
  m_PrefabAsset: {fileID: 0}
  m_GameObject: {fileID: 7771786616203083017}
  m_Enabled: 1
  m_EditorHideFlags: 0
  m_Script: {fileID: 11500000, guid: 924df4c68ad59e943b47b75f2323f73a, type: 3}
  m_Name: 
  m_EditorClassIdentifier: 
  showHandles: 1
  hidden: 0
  parent: {fileID: 7771786616203083021}
  ccName: Siege3
  distance: 160
  handlesScale: 1
  handlesColor: {r: 1, g: 1, b: 1, a: 1}
--- !u!114 &1229298566
MonoBehaviour:
  m_ObjectHideFlags: 0
  m_CorrespondingSourceObject: {fileID: 0}
  m_PrefabInstance: {fileID: 0}
  m_PrefabAsset: {fileID: 0}
  m_GameObject: {fileID: 7771786616203083017}
  m_Enabled: 1
  m_EditorHideFlags: 0
  m_Script: {fileID: 11500000, guid: 23f6c63f13e40be449a87a9114fb11ff, type: 3}
  m_Name: 
  m_EditorClassIdentifier: 
  showHandles: 0
  hidden: 0
  parent: {fileID: 1229298565}
  ccName: 
  objectToManipulate: {fileID: 4683489526595333424}
  rotationInterpolation: 0
  lerpSpeed: 5
  slerpSpeed: 5
  offsetAngle: {x: 0, y: 0, z: 0}
  upMode: 0
  upCustom: {x: 0, y: 1, z: 0}
  rotationField: {fileID: 0}
  revolutionsAroundTangent: 0
  revolutionsAroundTangentField: {fileID: 0}
  revolutionsClockwise: 0
  revolutionsClockwiseField: {fileID: 0}
  handlesScale: 1
  handlesColor: {r: 1, g: 1, b: 1, a: 1}
--- !u!114 &1229298567
MonoBehaviour:
  m_ObjectHideFlags: 0
  m_CorrespondingSourceObject: {fileID: 0}
  m_PrefabInstance: {fileID: 0}
  m_PrefabAsset: {fileID: 0}
  m_GameObject: {fileID: 7771786616203083017}
  m_Enabled: 1
  m_EditorHideFlags: 0
  m_Script: {fileID: 11500000, guid: 9d916ef28168e544d9dc5bb790f67ba0, type: 3}
  m_Name: 
  m_EditorClassIdentifier: 
  showHandles: 1
  hidden: 0
  parent: {fileID: 1229298565}
  ccName: 
  objectToManipulate: {fileID: 4683489526595333424}
--- !u!114 &1229298568
MonoBehaviour:
  m_ObjectHideFlags: 0
  m_CorrespondingSourceObject: {fileID: 0}
  m_PrefabInstance: {fileID: 0}
  m_PrefabAsset: {fileID: 0}
  m_GameObject: {fileID: 7771786616203083017}
  m_Enabled: 1
  m_EditorHideFlags: 0
  m_Script: {fileID: 11500000, guid: 9d916ef28168e544d9dc5bb790f67ba0, type: 3}
  m_Name: 
  m_EditorClassIdentifier: 
  showHandles: 1
  hidden: 0
  parent: {fileID: 1229298570}
  ccName: 
  objectToManipulate: {fileID: 4683489528174005009}
--- !u!114 &1229298569
MonoBehaviour:
  m_ObjectHideFlags: 0
  m_CorrespondingSourceObject: {fileID: 0}
  m_PrefabInstance: {fileID: 0}
  m_PrefabAsset: {fileID: 0}
  m_GameObject: {fileID: 7771786616203083017}
  m_Enabled: 1
  m_EditorHideFlags: 0
  m_Script: {fileID: 11500000, guid: 23f6c63f13e40be449a87a9114fb11ff, type: 3}
  m_Name: 
  m_EditorClassIdentifier: 
  showHandles: 0
  hidden: 0
  parent: {fileID: 1229298570}
  ccName: 
  objectToManipulate: {fileID: 4683489528174005009}
  rotationInterpolation: 0
  lerpSpeed: 5
  slerpSpeed: 5
  offsetAngle: {x: 0, y: 0, z: 0}
  upMode: 0
  upCustom: {x: 0, y: 1, z: 0}
  rotationField: {fileID: 0}
  revolutionsAroundTangent: 0
  revolutionsAroundTangentField: {fileID: 0}
  revolutionsClockwise: 0
  revolutionsClockwiseField: {fileID: 0}
  handlesScale: 1
  handlesColor: {r: 1, g: 1, b: 1, a: 1}
--- !u!114 &1229298570
MonoBehaviour:
  m_ObjectHideFlags: 0
  m_CorrespondingSourceObject: {fileID: 0}
  m_PrefabInstance: {fileID: 0}
  m_PrefabAsset: {fileID: 0}
  m_GameObject: {fileID: 7771786616203083017}
  m_Enabled: 1
  m_EditorHideFlags: 0
  m_Script: {fileID: 11500000, guid: 924df4c68ad59e943b47b75f2323f73a, type: 3}
  m_Name: 
  m_EditorClassIdentifier: 
  showHandles: 1
  hidden: 0
  parent: {fileID: 7771786616203083021}
  ccName: Siege4
  distance: 240
  handlesScale: 1
  handlesColor: {r: 1, g: 1, b: 1, a: 1}
--- !u!114 &1229298571
MonoBehaviour:
  m_ObjectHideFlags: 0
  m_CorrespondingSourceObject: {fileID: 0}
  m_PrefabInstance: {fileID: 0}
  m_PrefabAsset: {fileID: 0}
  m_GameObject: {fileID: 7771786616203083017}
  m_Enabled: 1
  m_EditorHideFlags: 0
  m_Script: {fileID: 11500000, guid: 9d916ef28168e544d9dc5bb790f67ba0, type: 3}
  m_Name: 
  m_EditorClassIdentifier: 
  showHandles: 1
  hidden: 0
  parent: {fileID: 1229298573}
  ccName: 
  objectToManipulate: {fileID: 4683489526931616640}
--- !u!114 &1229298572
MonoBehaviour:
  m_ObjectHideFlags: 0
  m_CorrespondingSourceObject: {fileID: 0}
  m_PrefabInstance: {fileID: 0}
  m_PrefabAsset: {fileID: 0}
  m_GameObject: {fileID: 7771786616203083017}
  m_Enabled: 1
  m_EditorHideFlags: 0
  m_Script: {fileID: 11500000, guid: 23f6c63f13e40be449a87a9114fb11ff, type: 3}
  m_Name: 
  m_EditorClassIdentifier: 
  showHandles: 0
  hidden: 0
  parent: {fileID: 1229298573}
  ccName: 
  objectToManipulate: {fileID: 4683489526931616640}
  rotationInterpolation: 0
  lerpSpeed: 5
  slerpSpeed: 5
  offsetAngle: {x: 0, y: 0, z: 0}
  upMode: 0
  upCustom: {x: 0, y: 1, z: 0}
  rotationField: {fileID: 0}
  revolutionsAroundTangent: 0
  revolutionsAroundTangentField: {fileID: 0}
  revolutionsClockwise: 0
  revolutionsClockwiseField: {fileID: 0}
  handlesScale: 1
  handlesColor: {r: 1, g: 1, b: 1, a: 1}
--- !u!114 &1229298573
MonoBehaviour:
  m_ObjectHideFlags: 0
  m_CorrespondingSourceObject: {fileID: 0}
  m_PrefabInstance: {fileID: 0}
  m_PrefabAsset: {fileID: 0}
  m_GameObject: {fileID: 7771786616203083017}
  m_Enabled: 1
  m_EditorHideFlags: 0
  m_Script: {fileID: 11500000, guid: 924df4c68ad59e943b47b75f2323f73a, type: 3}
  m_Name: 
  m_EditorClassIdentifier: 
  showHandles: 1
  hidden: 0
  parent: {fileID: 7771786616203083021}
  ccName: Siege5
  distance: 320
  handlesScale: 1
  handlesColor: {r: 1, g: 1, b: 1, a: 1}
--- !u!114 &1229298574
MonoBehaviour:
  m_ObjectHideFlags: 0
  m_CorrespondingSourceObject: {fileID: 0}
  m_PrefabInstance: {fileID: 0}
  m_PrefabAsset: {fileID: 0}
  m_GameObject: {fileID: 7771786616203083017}
  m_Enabled: 1
  m_EditorHideFlags: 0
  m_Script: {fileID: 11500000, guid: 9d916ef28168e544d9dc5bb790f67ba0, type: 3}
  m_Name: 
  m_EditorClassIdentifier: 
  showHandles: 1
  hidden: 0
  parent: {fileID: 1229298576}
  ccName: 
  objectToManipulate: {fileID: 4683489527377567512}
--- !u!114 &1229298575
MonoBehaviour:
  m_ObjectHideFlags: 0
  m_CorrespondingSourceObject: {fileID: 0}
  m_PrefabInstance: {fileID: 0}
  m_PrefabAsset: {fileID: 0}
  m_GameObject: {fileID: 7771786616203083017}
  m_Enabled: 1
  m_EditorHideFlags: 0
  m_Script: {fileID: 11500000, guid: 23f6c63f13e40be449a87a9114fb11ff, type: 3}
  m_Name: 
  m_EditorClassIdentifier: 
  showHandles: 0
  hidden: 0
  parent: {fileID: 1229298576}
  ccName: 
  objectToManipulate: {fileID: 4683489527377567512}
  rotationInterpolation: 0
  lerpSpeed: 5
  slerpSpeed: 5
  offsetAngle: {x: 0, y: 0, z: 0}
  upMode: 0
  upCustom: {x: 0, y: 1, z: 0}
  rotationField: {fileID: 0}
  revolutionsAroundTangent: 0
  revolutionsAroundTangentField: {fileID: 0}
  revolutionsClockwise: 0
  revolutionsClockwiseField: {fileID: 0}
  handlesScale: 1
  handlesColor: {r: 1, g: 1, b: 1, a: 1}
--- !u!114 &1229298576
MonoBehaviour:
  m_ObjectHideFlags: 0
  m_CorrespondingSourceObject: {fileID: 0}
  m_PrefabInstance: {fileID: 0}
  m_PrefabAsset: {fileID: 0}
  m_GameObject: {fileID: 7771786616203083017}
  m_Enabled: 1
  m_EditorHideFlags: 0
  m_Script: {fileID: 11500000, guid: 924df4c68ad59e943b47b75f2323f73a, type: 3}
  m_Name: 
  m_EditorClassIdentifier: 
  showHandles: 1
  hidden: 0
  parent: {fileID: 7771786616203083021}
  ccName: Siege6
  distance: 400
  handlesScale: 1
  handlesColor: {r: 1, g: 1, b: 1, a: 1}
--- !u!114 &1229298577
MonoBehaviour:
  m_ObjectHideFlags: 0
  m_CorrespondingSourceObject: {fileID: 0}
  m_PrefabInstance: {fileID: 0}
  m_PrefabAsset: {fileID: 0}
  m_GameObject: {fileID: 7771786616203083017}
  m_Enabled: 1
  m_EditorHideFlags: 0
  m_Script: {fileID: 11500000, guid: 9d916ef28168e544d9dc5bb790f67ba0, type: 3}
  m_Name: 
  m_EditorClassIdentifier: 
  showHandles: 1
  hidden: 0
  parent: {fileID: 1229298585}
  ccName: 
  objectToManipulate: {fileID: 4683489528322569218}
--- !u!114 &1229298578
MonoBehaviour:
  m_ObjectHideFlags: 0
  m_CorrespondingSourceObject: {fileID: 0}
  m_PrefabInstance: {fileID: 0}
  m_PrefabAsset: {fileID: 0}
  m_GameObject: {fileID: 7771786616203083017}
  m_Enabled: 1
  m_EditorHideFlags: 0
  m_Script: {fileID: 11500000, guid: 23f6c63f13e40be449a87a9114fb11ff, type: 3}
  m_Name: 
  m_EditorClassIdentifier: 
  showHandles: 0
  hidden: 0
  parent: {fileID: 1229298585}
  ccName: 
  objectToManipulate: {fileID: 4683489528322569218}
  rotationInterpolation: 0
  lerpSpeed: 5
  slerpSpeed: 5
  offsetAngle: {x: 0, y: 0, z: 0}
  upMode: 0
  upCustom: {x: 0, y: 1, z: 0}
  rotationField: {fileID: 0}
  revolutionsAroundTangent: 0
  revolutionsAroundTangentField: {fileID: 0}
  revolutionsClockwise: 0
  revolutionsClockwiseField: {fileID: 0}
  handlesScale: 1
  handlesColor: {r: 1, g: 1, b: 1, a: 1}
--- !u!114 &1229298579
MonoBehaviour:
  m_ObjectHideFlags: 0
  m_CorrespondingSourceObject: {fileID: 0}
  m_PrefabInstance: {fileID: 0}
  m_PrefabAsset: {fileID: 0}
  m_GameObject: {fileID: 7771786616203083017}
  m_Enabled: 1
  m_EditorHideFlags: 0
  m_Script: {fileID: 11500000, guid: 9d916ef28168e544d9dc5bb790f67ba0, type: 3}
  m_Name: 
  m_EditorClassIdentifier: 
  showHandles: 1
  hidden: 0
  parent: {fileID: 1229298586}
  ccName: 
  objectToManipulate: {fileID: 4683489528062868552}
--- !u!114 &1229298580
MonoBehaviour:
  m_ObjectHideFlags: 0
  m_CorrespondingSourceObject: {fileID: 0}
  m_PrefabInstance: {fileID: 0}
  m_PrefabAsset: {fileID: 0}
  m_GameObject: {fileID: 7771786616203083017}
  m_Enabled: 1
  m_EditorHideFlags: 0
  m_Script: {fileID: 11500000, guid: 23f6c63f13e40be449a87a9114fb11ff, type: 3}
  m_Name: 
  m_EditorClassIdentifier: 
  showHandles: 0
  hidden: 0
  parent: {fileID: 1229298586}
  ccName: 
  objectToManipulate: {fileID: 4683489528062868552}
  rotationInterpolation: 0
  lerpSpeed: 5
  slerpSpeed: 5
  offsetAngle: {x: 0, y: 0, z: 0}
  upMode: 0
  upCustom: {x: 0, y: 1, z: 0}
  rotationField: {fileID: 0}
  revolutionsAroundTangent: 0
  revolutionsAroundTangentField: {fileID: 0}
  revolutionsClockwise: 0
  revolutionsClockwiseField: {fileID: 0}
  handlesScale: 1
  handlesColor: {r: 1, g: 1, b: 1, a: 1}
--- !u!114 &1229298581
MonoBehaviour:
  m_ObjectHideFlags: 0
  m_CorrespondingSourceObject: {fileID: 0}
  m_PrefabInstance: {fileID: 0}
  m_PrefabAsset: {fileID: 0}
  m_GameObject: {fileID: 7771786616203083017}
  m_Enabled: 1
  m_EditorHideFlags: 0
  m_Script: {fileID: 11500000, guid: 9d916ef28168e544d9dc5bb790f67ba0, type: 3}
  m_Name: 
  m_EditorClassIdentifier: 
  showHandles: 1
  hidden: 0
  parent: {fileID: 1229298587}
  ccName: 
  objectToManipulate: {fileID: 4683489527464158097}
--- !u!114 &1229298582
MonoBehaviour:
  m_ObjectHideFlags: 0
  m_CorrespondingSourceObject: {fileID: 0}
  m_PrefabInstance: {fileID: 0}
  m_PrefabAsset: {fileID: 0}
  m_GameObject: {fileID: 7771786616203083017}
  m_Enabled: 1
  m_EditorHideFlags: 0
  m_Script: {fileID: 11500000, guid: 23f6c63f13e40be449a87a9114fb11ff, type: 3}
  m_Name: 
  m_EditorClassIdentifier: 
  showHandles: 1
  hidden: 0
  parent: {fileID: 1229298587}
  ccName: 
  objectToManipulate: {fileID: 4683489527464158097}
  rotationInterpolation: 0
  lerpSpeed: 5
  slerpSpeed: 5
  offsetAngle: {x: 0, y: 0, z: 0}
  upMode: 0
  upCustom: {x: 0, y: 1, z: 0}
  rotationField: {fileID: 0}
  revolutionsAroundTangent: 0
  revolutionsAroundTangentField: {fileID: 0}
  revolutionsClockwise: 0
  revolutionsClockwiseField: {fileID: 0}
  handlesScale: 1
  handlesColor: {r: 1, g: 1, b: 1, a: 1}
--- !u!114 &1229298583
MonoBehaviour:
  m_ObjectHideFlags: 0
  m_CorrespondingSourceObject: {fileID: 0}
  m_PrefabInstance: {fileID: 0}
  m_PrefabAsset: {fileID: 0}
  m_GameObject: {fileID: 7771786616203083017}
  m_Enabled: 1
  m_EditorHideFlags: 0
  m_Script: {fileID: 11500000, guid: 9d916ef28168e544d9dc5bb790f67ba0, type: 3}
  m_Name: 
  m_EditorClassIdentifier: 
  showHandles: 1
  hidden: 0
  parent: {fileID: 1229298588}
  ccName: 
  objectToManipulate: {fileID: 4683489528236837820}
--- !u!114 &1229298584
MonoBehaviour:
  m_ObjectHideFlags: 0
  m_CorrespondingSourceObject: {fileID: 0}
  m_PrefabInstance: {fileID: 0}
  m_PrefabAsset: {fileID: 0}
  m_GameObject: {fileID: 7771786616203083017}
  m_Enabled: 1
  m_EditorHideFlags: 0
  m_Script: {fileID: 11500000, guid: 23f6c63f13e40be449a87a9114fb11ff, type: 3}
  m_Name: 
  m_EditorClassIdentifier: 
  showHandles: 1
  hidden: 0
  parent: {fileID: 1229298588}
  ccName: 
  objectToManipulate: {fileID: 4683489528236837820}
  rotationInterpolation: 0
  lerpSpeed: 5
  slerpSpeed: 5
  offsetAngle: {x: 0, y: 0, z: 0}
  upMode: 0
  upCustom: {x: 0, y: 1, z: 0}
  rotationField: {fileID: 0}
  revolutionsAroundTangent: 0
  revolutionsAroundTangentField: {fileID: 0}
  revolutionsClockwise: 0
  revolutionsClockwiseField: {fileID: 0}
  handlesScale: 1
  handlesColor: {r: 1, g: 1, b: 1, a: 1}
--- !u!114 &1229298585
MonoBehaviour:
  m_ObjectHideFlags: 0
  m_CorrespondingSourceObject: {fileID: 0}
  m_PrefabInstance: {fileID: 0}
  m_PrefabAsset: {fileID: 0}
  m_GameObject: {fileID: 7771786616203083017}
  m_Enabled: 1
  m_EditorHideFlags: 0
  m_Script: {fileID: 11500000, guid: 924df4c68ad59e943b47b75f2323f73a, type: 3}
  m_Name: 
  m_EditorClassIdentifier: 
  showHandles: 1
  hidden: 0
  parent: {fileID: 7771786616203083021}
  ccName: Siege10
  distance: 720
  handlesScale: 1
  handlesColor: {r: 1, g: 1, b: 1, a: 1}
--- !u!114 &1229298586
MonoBehaviour:
  m_ObjectHideFlags: 0
  m_CorrespondingSourceObject: {fileID: 0}
  m_PrefabInstance: {fileID: 0}
  m_PrefabAsset: {fileID: 0}
  m_GameObject: {fileID: 7771786616203083017}
  m_Enabled: 1
  m_EditorHideFlags: 0
  m_Script: {fileID: 11500000, guid: 924df4c68ad59e943b47b75f2323f73a, type: 3}
  m_Name: 
  m_EditorClassIdentifier: 
  showHandles: 1
  hidden: 0
  parent: {fileID: 7771786616203083021}
  ccName: Siege9
  distance: 640
  handlesScale: 1
  handlesColor: {r: 1, g: 1, b: 1, a: 1}
--- !u!114 &1229298587
MonoBehaviour:
  m_ObjectHideFlags: 0
  m_CorrespondingSourceObject: {fileID: 0}
  m_PrefabInstance: {fileID: 0}
  m_PrefabAsset: {fileID: 0}
  m_GameObject: {fileID: 7771786616203083017}
  m_Enabled: 1
  m_EditorHideFlags: 0
  m_Script: {fileID: 11500000, guid: 924df4c68ad59e943b47b75f2323f73a, type: 3}
  m_Name: 
  m_EditorClassIdentifier: 
  showHandles: 1
  hidden: 0
  parent: {fileID: 7771786616203083021}
  ccName: Siege8
  distance: 560
  handlesScale: 1
  handlesColor: {r: 1, g: 1, b: 1, a: 1}
--- !u!114 &1229298588
MonoBehaviour:
  m_ObjectHideFlags: 0
  m_CorrespondingSourceObject: {fileID: 0}
  m_PrefabInstance: {fileID: 0}
  m_PrefabAsset: {fileID: 0}
  m_GameObject: {fileID: 7771786616203083017}
  m_Enabled: 1
  m_EditorHideFlags: 0
  m_Script: {fileID: 11500000, guid: 924df4c68ad59e943b47b75f2323f73a, type: 3}
  m_Name: 
  m_EditorClassIdentifier: 
  showHandles: 1
  hidden: 0
  parent: {fileID: 7771786616203083021}
  ccName: Siege7
  distance: 480
  handlesScale: 1
  handlesColor: {r: 1, g: 1, b: 1, a: 1}
--- !u!114 &1229298589
MonoBehaviour:
  m_ObjectHideFlags: 0
  m_CorrespondingSourceObject: {fileID: 0}
  m_PrefabInstance: {fileID: 0}
  m_PrefabAsset: {fileID: 0}
  m_GameObject: {fileID: 7771786616203083017}
  m_Enabled: 1
  m_EditorHideFlags: 0
  m_Script: {fileID: 11500000, guid: 06627f7d7396a40418f87b2a58e6ddbe, type: 3}
  m_Name: 
  m_EditorClassIdentifier: 
  curve: {fileID: 7771786616203083016}
  fieldName: Speed
  type: 2
  showHandles: 1
  handlesType: 0
  handlesColor: {r: 1, g: 1, b: 1, a: 1}
  showInPointsMenu: 1
--- !u!114 &1229298590
MonoBehaviour:
  m_ObjectHideFlags: 0
  m_CorrespondingSourceObject: {fileID: 0}
  m_PrefabInstance: {fileID: 0}
  m_PrefabAsset: {fileID: 0}
  m_GameObject: {fileID: 7771786616203083017}
  m_Enabled: 1
  m_EditorHideFlags: 0
  m_Script: {fileID: 11500000, guid: 535a3a5d00075854a98f71fdd486b248, type: 3}
  m_Name: 
  m_EditorClassIdentifier: 
  showHandles: 1
  hidden: 0
  parent: {fileID: 1229298561}
  ccName: 
  useFixedUpdate: 0
  speed: 20
  overflowControl: 0
  adjustByTotalLength: 0
  speedField: {fileID: 0}
  delay: 0
  delayField: {fileID: 0}
  pointReachedEvent:
    m_PersistentCalls:
      m_Calls:
      - m_Target: {fileID: 0}
        m_MethodName: 
        m_Mode: 1
        m_Arguments:
          m_ObjectArgument: {fileID: 0}
          m_ObjectArgumentAssemblyTypeName: 
          m_IntArgument: 0
          m_FloatArgument: 0
          m_StringArgument: 
          m_BoolArgument: 0
        m_CallState: 2
--- !u!114 &1229298591
MonoBehaviour:
  m_ObjectHideFlags: 0
  m_CorrespondingSourceObject: {fileID: 0}
  m_PrefabInstance: {fileID: 0}
  m_PrefabAsset: {fileID: 0}
  m_GameObject: {fileID: 7771786616203083017}
  m_Enabled: 1
  m_EditorHideFlags: 0
  m_Script: {fileID: 11500000, guid: 535a3a5d00075854a98f71fdd486b248, type: 3}
  m_Name: 
  m_EditorClassIdentifier: 
  showHandles: 1
  hidden: 0
  parent: {fileID: 1229298588}
  ccName: 
  useFixedUpdate: 0
  speed: 20
  overflowControl: 0
  adjustByTotalLength: 0
  speedField: {fileID: 0}
  delay: 0
  delayField: {fileID: 0}
  pointReachedEvent:
    m_PersistentCalls:
      m_Calls:
      - m_Target: {fileID: 0}
        m_MethodName: 
        m_Mode: 1
        m_Arguments:
          m_ObjectArgument: {fileID: 0}
          m_ObjectArgumentAssemblyTypeName: 
          m_IntArgument: 0
          m_FloatArgument: 0
          m_StringArgument: 
          m_BoolArgument: 0
        m_CallState: 2
--- !u!114 &1229298592
MonoBehaviour:
  m_ObjectHideFlags: 0
  m_CorrespondingSourceObject: {fileID: 0}
  m_PrefabInstance: {fileID: 0}
  m_PrefabAsset: {fileID: 0}
  m_GameObject: {fileID: 7771786616203083017}
  m_Enabled: 1
  m_EditorHideFlags: 0
  m_Script: {fileID: 11500000, guid: 535a3a5d00075854a98f71fdd486b248, type: 3}
  m_Name: 
  m_EditorClassIdentifier: 
  showHandles: 1
  hidden: 0
  parent: {fileID: 1229298587}
  ccName: 
  useFixedUpdate: 0
  speed: 20
  overflowControl: 0
  adjustByTotalLength: 0
  speedField: {fileID: 0}
  delay: 0
  delayField: {fileID: 0}
  pointReachedEvent:
    m_PersistentCalls:
      m_Calls:
      - m_Target: {fileID: 0}
        m_MethodName: 
        m_Mode: 1
        m_Arguments:
          m_ObjectArgument: {fileID: 0}
          m_ObjectArgumentAssemblyTypeName: 
          m_IntArgument: 0
          m_FloatArgument: 0
          m_StringArgument: 
          m_BoolArgument: 0
        m_CallState: 2
--- !u!114 &1229298593
MonoBehaviour:
  m_ObjectHideFlags: 0
  m_CorrespondingSourceObject: {fileID: 0}
  m_PrefabInstance: {fileID: 0}
  m_PrefabAsset: {fileID: 0}
  m_GameObject: {fileID: 7771786616203083017}
  m_Enabled: 1
  m_EditorHideFlags: 0
  m_Script: {fileID: 11500000, guid: 535a3a5d00075854a98f71fdd486b248, type: 3}
  m_Name: 
  m_EditorClassIdentifier: 
  showHandles: 1
  hidden: 0
  parent: {fileID: 1229298586}
  ccName: 
  useFixedUpdate: 0
  speed: 20
  overflowControl: 0
  adjustByTotalLength: 0
  speedField: {fileID: 0}
  delay: 0
  delayField: {fileID: 0}
  pointReachedEvent:
    m_PersistentCalls:
      m_Calls:
      - m_Target: {fileID: 0}
        m_MethodName: 
        m_Mode: 1
        m_Arguments:
          m_ObjectArgument: {fileID: 0}
          m_ObjectArgumentAssemblyTypeName: 
          m_IntArgument: 0
          m_FloatArgument: 0
          m_StringArgument: 
          m_BoolArgument: 0
        m_CallState: 2
--- !u!114 &1229298594
MonoBehaviour:
  m_ObjectHideFlags: 0
  m_CorrespondingSourceObject: {fileID: 0}
  m_PrefabInstance: {fileID: 0}
  m_PrefabAsset: {fileID: 0}
  m_GameObject: {fileID: 7771786616203083017}
  m_Enabled: 1
  m_EditorHideFlags: 0
  m_Script: {fileID: 11500000, guid: 535a3a5d00075854a98f71fdd486b248, type: 3}
  m_Name: 
  m_EditorClassIdentifier: 
  showHandles: 1
  hidden: 0
  parent: {fileID: 1229298585}
  ccName: 
  useFixedUpdate: 0
  speed: 20
  overflowControl: 0
  adjustByTotalLength: 0
  speedField: {fileID: 0}
  delay: 0
  delayField: {fileID: 0}
  pointReachedEvent:
    m_PersistentCalls:
      m_Calls:
      - m_Target: {fileID: 0}
        m_MethodName: 
        m_Mode: 1
        m_Arguments:
          m_ObjectArgument: {fileID: 0}
          m_ObjectArgumentAssemblyTypeName: 
          m_IntArgument: 0
          m_FloatArgument: 0
          m_StringArgument: 
          m_BoolArgument: 0
        m_CallState: 2
--- !u!114 &1229298595
MonoBehaviour:
  m_ObjectHideFlags: 0
  m_CorrespondingSourceObject: {fileID: 0}
  m_PrefabInstance: {fileID: 0}
  m_PrefabAsset: {fileID: 0}
  m_GameObject: {fileID: 7771786616203083017}
  m_Enabled: 1
  m_EditorHideFlags: 0
  m_Script: {fileID: 11500000, guid: 535a3a5d00075854a98f71fdd486b248, type: 3}
  m_Name: 
  m_EditorClassIdentifier: 
  showHandles: 1
  hidden: 0
  parent: {fileID: 1229298576}
  ccName: 
  useFixedUpdate: 0
  speed: 20
  overflowControl: 0
  adjustByTotalLength: 0
  speedField: {fileID: 0}
  delay: 0
  delayField: {fileID: 0}
  pointReachedEvent:
    m_PersistentCalls:
      m_Calls:
      - m_Target: {fileID: 0}
        m_MethodName: 
        m_Mode: 1
        m_Arguments:
          m_ObjectArgument: {fileID: 0}
          m_ObjectArgumentAssemblyTypeName: 
          m_IntArgument: 0
          m_FloatArgument: 0
          m_StringArgument: 
          m_BoolArgument: 0
        m_CallState: 2
--- !u!114 &1229298596
MonoBehaviour:
  m_ObjectHideFlags: 0
  m_CorrespondingSourceObject: {fileID: 0}
  m_PrefabInstance: {fileID: 0}
  m_PrefabAsset: {fileID: 0}
  m_GameObject: {fileID: 7771786616203083017}
  m_Enabled: 1
  m_EditorHideFlags: 0
  m_Script: {fileID: 11500000, guid: 535a3a5d00075854a98f71fdd486b248, type: 3}
  m_Name: 
  m_EditorClassIdentifier: 
  showHandles: 1
  hidden: 0
  parent: {fileID: 1229298573}
  ccName: 
  useFixedUpdate: 0
  speed: 20
  overflowControl: 0
  adjustByTotalLength: 0
  speedField: {fileID: 0}
  delay: 0
  delayField: {fileID: 0}
  pointReachedEvent:
    m_PersistentCalls:
      m_Calls:
      - m_Target: {fileID: 0}
        m_MethodName: 
        m_Mode: 1
        m_Arguments:
          m_ObjectArgument: {fileID: 0}
          m_ObjectArgumentAssemblyTypeName: 
          m_IntArgument: 0
          m_FloatArgument: 0
          m_StringArgument: 
          m_BoolArgument: 0
        m_CallState: 2
--- !u!114 &1229298597
MonoBehaviour:
  m_ObjectHideFlags: 0
  m_CorrespondingSourceObject: {fileID: 0}
  m_PrefabInstance: {fileID: 0}
  m_PrefabAsset: {fileID: 0}
  m_GameObject: {fileID: 7771786616203083017}
  m_Enabled: 1
  m_EditorHideFlags: 0
  m_Script: {fileID: 11500000, guid: 535a3a5d00075854a98f71fdd486b248, type: 3}
  m_Name: 
  m_EditorClassIdentifier: 
  showHandles: 1
  hidden: 0
  parent: {fileID: 1229298570}
  ccName: 
  useFixedUpdate: 0
  speed: 20
  overflowControl: 0
  adjustByTotalLength: 0
  speedField: {fileID: 0}
  delay: 0
  delayField: {fileID: 0}
  pointReachedEvent:
    m_PersistentCalls:
      m_Calls:
      - m_Target: {fileID: 0}
        m_MethodName: 
        m_Mode: 1
        m_Arguments:
          m_ObjectArgument: {fileID: 0}
          m_ObjectArgumentAssemblyTypeName: 
          m_IntArgument: 0
          m_FloatArgument: 0
          m_StringArgument: 
          m_BoolArgument: 0
        m_CallState: 2
--- !u!114 &1229298598
MonoBehaviour:
  m_ObjectHideFlags: 0
  m_CorrespondingSourceObject: {fileID: 0}
  m_PrefabInstance: {fileID: 0}
  m_PrefabAsset: {fileID: 0}
  m_GameObject: {fileID: 7771786616203083017}
  m_Enabled: 1
  m_EditorHideFlags: 0
  m_Script: {fileID: 11500000, guid: 535a3a5d00075854a98f71fdd486b248, type: 3}
  m_Name: 
  m_EditorClassIdentifier: 
  showHandles: 1
  hidden: 0
  parent: {fileID: 1229298565}
  ccName: 
  useFixedUpdate: 0
  speed: 20
  overflowControl: 0
  adjustByTotalLength: 0
  speedField: {fileID: 0}
  delay: 0
  delayField: {fileID: 0}
  pointReachedEvent:
    m_PersistentCalls:
      m_Calls:
      - m_Target: {fileID: 0}
        m_MethodName: 
        m_Mode: 1
        m_Arguments:
          m_ObjectArgument: {fileID: 0}
          m_ObjectArgumentAssemblyTypeName: 
          m_IntArgument: 0
          m_FloatArgument: 0
          m_StringArgument: 
          m_BoolArgument: 0
        m_CallState: 2
--- !u!114 &1229298599
MonoBehaviour:
  m_ObjectHideFlags: 0
  m_CorrespondingSourceObject: {fileID: 0}
  m_PrefabInstance: {fileID: 0}
  m_PrefabAsset: {fileID: 0}
  m_GameObject: {fileID: 7771786616203083017}
  m_Enabled: 1
  m_EditorHideFlags: 0
  m_Script: {fileID: 11500000, guid: 535a3a5d00075854a98f71fdd486b248, type: 3}
  m_Name: 
  m_EditorClassIdentifier: 
  showHandles: 1
  hidden: 0
  parent: {fileID: 1229298564}
  ccName: 
  useFixedUpdate: 0
  speed: 20
  overflowControl: 0
  adjustByTotalLength: 0
  speedField: {fileID: 0}
  delay: 0
  delayField: {fileID: 0}
  pointReachedEvent:
    m_PersistentCalls:
      m_Calls:
      - m_Target: {fileID: 0}
        m_MethodName: 
        m_Mode: 1
        m_Arguments:
          m_ObjectArgument: {fileID: 0}
          m_ObjectArgumentAssemblyTypeName: 
          m_IntArgument: 0
          m_FloatArgument: 0
          m_StringArgument: 
          m_BoolArgument: 0
        m_CallState: 2
--- !u!1001 &148702163
PrefabInstance:
  m_ObjectHideFlags: 0
  serializedVersion: 2
  m_Modification:
    m_TransformParent: {fileID: 7771786616203083019}
    m_Modifications:
    - target: {fileID: 4683489526811226194, guid: 580778d36d223d243b8696a2d56b2d2f,
        type: 3}
      propertyPath: m_Name
      value: SiegeTelesiege (4)
      objectReference: {fileID: 0}
    - target: {fileID: 4683489526811226194, guid: 580778d36d223d243b8696a2d56b2d2f,
        type: 3}
      propertyPath: m_IsActive
      value: 1
      objectReference: {fileID: 0}
    - target: {fileID: 4683489526811226195, guid: 580778d36d223d243b8696a2d56b2d2f,
        type: 3}
      propertyPath: m_LocalPosition.x
      value: -183.41437
      objectReference: {fileID: 0}
    - target: {fileID: 4683489526811226195, guid: 580778d36d223d243b8696a2d56b2d2f,
        type: 3}
      propertyPath: m_LocalPosition.y
      value: 82.27821
      objectReference: {fileID: 0}
    - target: {fileID: 4683489526811226195, guid: 580778d36d223d243b8696a2d56b2d2f,
        type: 3}
      propertyPath: m_LocalPosition.z
      value: 130.99266
      objectReference: {fileID: 0}
    - target: {fileID: 4683489526811226195, guid: 580778d36d223d243b8696a2d56b2d2f,
        type: 3}
      propertyPath: m_LocalRotation.x
      value: 0.024173591
      objectReference: {fileID: 0}
    - target: {fileID: 4683489526811226195, guid: 580778d36d223d243b8696a2d56b2d2f,
        type: 3}
      propertyPath: m_LocalRotation.y
      value: -0.22070518
      objectReference: {fileID: 0}
    - target: {fileID: 4683489526811226195, guid: 580778d36d223d243b8696a2d56b2d2f,
        type: 3}
      propertyPath: m_LocalRotation.z
      value: 0.005471894
      objectReference: {fileID: 0}
    - target: {fileID: 4683489526811226195, guid: 580778d36d223d243b8696a2d56b2d2f,
        type: 3}
      propertyPath: m_LocalRotation.w
      value: 0.9750256
      objectReference: {fileID: 0}
    - target: {fileID: 4683489526811226195, guid: 580778d36d223d243b8696a2d56b2d2f,
        type: 3}
      propertyPath: m_RootOrder
      value: 4
      objectReference: {fileID: 0}
    - target: {fileID: 4683489526811226195, guid: 580778d36d223d243b8696a2d56b2d2f,
        type: 3}
      propertyPath: m_LocalEulerAnglesHint.x
      value: 4.195
      objectReference: {fileID: 0}
    - target: {fileID: 4683489526811226195, guid: 580778d36d223d243b8696a2d56b2d2f,
        type: 3}
      propertyPath: m_LocalEulerAnglesHint.y
      value: -253.186
      objectReference: {fileID: 0}
    - target: {fileID: 4683489526811226195, guid: 580778d36d223d243b8696a2d56b2d2f,
        type: 3}
      propertyPath: m_LocalEulerAnglesHint.z
      value: 1.266
      objectReference: {fileID: 0}
    - target: {fileID: 4683489526811226195, guid: 580778d36d223d243b8696a2d56b2d2f,
        type: 3}
      propertyPath: m_LocalScale.x
      value: 0.7
      objectReference: {fileID: 0}
    - target: {fileID: 4683489526811226195, guid: 580778d36d223d243b8696a2d56b2d2f,
        type: 3}
      propertyPath: m_LocalScale.y
      value: 0.7
      objectReference: {fileID: 0}
    - target: {fileID: 4683489526811226195, guid: 580778d36d223d243b8696a2d56b2d2f,
        type: 3}
      propertyPath: m_LocalScale.z
      value: 0.7
      objectReference: {fileID: 0}
    m_RemovedComponents: []
  m_SourcePrefab: {fileID: 100100000, guid: 580778d36d223d243b8696a2d56b2d2f, type: 3}
--- !u!4 &4683489526931616640 stripped
Transform:
  m_CorrespondingSourceObject: {fileID: 4683489526811226195, guid: 580778d36d223d243b8696a2d56b2d2f,
    type: 3}
  m_PrefabInstance: {fileID: 148702163}
  m_PrefabAsset: {fileID: 0}
--- !u!1001 &388128099
PrefabInstance:
  m_ObjectHideFlags: 0
  serializedVersion: 2
  m_Modification:
    m_TransformParent: {fileID: 7771786616203083019}
    m_Modifications:
    - target: {fileID: 4683489526811226194, guid: 580778d36d223d243b8696a2d56b2d2f,
        type: 3}
      propertyPath: m_Name
      value: SiegeTelesiege (2)
      objectReference: {fileID: 0}
    - target: {fileID: 4683489526811226195, guid: 580778d36d223d243b8696a2d56b2d2f,
        type: 3}
      propertyPath: m_LocalPosition.x
      value: -100.5036
      objectReference: {fileID: 0}
    - target: {fileID: 4683489526811226195, guid: 580778d36d223d243b8696a2d56b2d2f,
        type: 3}
      propertyPath: m_LocalPosition.y
      value: 82.80259
      objectReference: {fileID: 0}
    - target: {fileID: 4683489526811226195, guid: 580778d36d223d243b8696a2d56b2d2f,
        type: 3}
      propertyPath: m_LocalPosition.z
      value: 6.394451
      objectReference: {fileID: 0}
    - target: {fileID: 4683489526811226195, guid: 580778d36d223d243b8696a2d56b2d2f,
        type: 3}
      propertyPath: m_LocalRotation.x
      value: -0.23032649
      objectReference: {fileID: 0}
    - target: {fileID: 4683489526811226195, guid: 580778d36d223d243b8696a2d56b2d2f,
        type: 3}
      propertyPath: m_LocalRotation.y
      value: -0.62441033
      objectReference: {fileID: 0}
    - target: {fileID: 4683489526811226195, guid: 580778d36d223d243b8696a2d56b2d2f,
        type: 3}
      propertyPath: m_LocalRotation.z
      value: -0.20000646
      objectReference: {fileID: 0}
    - target: {fileID: 4683489526811226195, guid: 580778d36d223d243b8696a2d56b2d2f,
        type: 3}
      propertyPath: m_LocalRotation.w
      value: 0.71906805
      objectReference: {fileID: 0}
    - target: {fileID: 4683489526811226195, guid: 580778d36d223d243b8696a2d56b2d2f,
        type: 3}
      propertyPath: m_RootOrder
      value: 2
      objectReference: {fileID: 0}
    - target: {fileID: 4683489526811226195, guid: 580778d36d223d243b8696a2d56b2d2f,
        type: 3}
      propertyPath: m_LocalEulerAnglesHint.x
      value: 4.195
      objectReference: {fileID: 0}
    - target: {fileID: 4683489526811226195, guid: 580778d36d223d243b8696a2d56b2d2f,
        type: 3}
      propertyPath: m_LocalEulerAnglesHint.y
      value: -253.186
      objectReference: {fileID: 0}
    - target: {fileID: 4683489526811226195, guid: 580778d36d223d243b8696a2d56b2d2f,
        type: 3}
      propertyPath: m_LocalEulerAnglesHint.z
      value: 1.266
      objectReference: {fileID: 0}
    - target: {fileID: 4683489526811226195, guid: 580778d36d223d243b8696a2d56b2d2f,
        type: 3}
      propertyPath: m_LocalScale.x
      value: 0.7
      objectReference: {fileID: 0}
    - target: {fileID: 4683489526811226195, guid: 580778d36d223d243b8696a2d56b2d2f,
        type: 3}
      propertyPath: m_LocalScale.y
      value: 0.7
      objectReference: {fileID: 0}
    - target: {fileID: 4683489526811226195, guid: 580778d36d223d243b8696a2d56b2d2f,
        type: 3}
      propertyPath: m_LocalScale.z
      value: 0.7
      objectReference: {fileID: 0}
    m_RemovedComponents: []
  m_SourcePrefab: {fileID: 100100000, guid: 580778d36d223d243b8696a2d56b2d2f, type: 3}
--- !u!4 &4683489526595333424 stripped
Transform:
  m_CorrespondingSourceObject: {fileID: 4683489526811226195, guid: 580778d36d223d243b8696a2d56b2d2f,
    type: 3}
  m_PrefabInstance: {fileID: 388128099}
  m_PrefabAsset: {fileID: 0}
--- !u!1001 &641888075
PrefabInstance:
  m_ObjectHideFlags: 0
  serializedVersion: 2
  m_Modification:
    m_TransformParent: {fileID: 7771786616203083019}
    m_Modifications:
    - target: {fileID: 4683489526811226194, guid: 580778d36d223d243b8696a2d56b2d2f,
        type: 3}
      propertyPath: m_Name
      value: SiegeTelesiege (5)
      objectReference: {fileID: 0}
    - target: {fileID: 4683489526811226194, guid: 580778d36d223d243b8696a2d56b2d2f,
        type: 3}
      propertyPath: m_IsActive
      value: 1
      objectReference: {fileID: 0}
    - target: {fileID: 4683489526811226195, guid: 580778d36d223d243b8696a2d56b2d2f,
        type: 3}
      propertyPath: m_LocalPosition.x
      value: -216.69208
      objectReference: {fileID: 0}
    - target: {fileID: 4683489526811226195, guid: 580778d36d223d243b8696a2d56b2d2f,
        type: 3}
      propertyPath: m_LocalPosition.y
      value: 78.28184
      objectReference: {fileID: 0}
    - target: {fileID: 4683489526811226195, guid: 580778d36d223d243b8696a2d56b2d2f,
        type: 3}
      propertyPath: m_LocalPosition.z
      value: 203.62558
      objectReference: {fileID: 0}
    - target: {fileID: 4683489526811226195, guid: 580778d36d223d243b8696a2d56b2d2f,
        type: 3}
      propertyPath: m_LocalRotation.x
      value: 0.024806105
      objectReference: {fileID: 0}
    - target: {fileID: 4683489526811226195, guid: 580778d36d223d243b8696a2d56b2d2f,
        type: 3}
      propertyPath: m_LocalRotation.y
      value: -0.19649826
      objectReference: {fileID: 0}
    - target: {fileID: 4683489526811226195, guid: 580778d36d223d243b8696a2d56b2d2f,
        type: 3}
      propertyPath: m_LocalRotation.z
      value: 0.0049729315
      objectReference: {fileID: 0}
    - target: {fileID: 4683489526811226195, guid: 580778d36d223d243b8696a2d56b2d2f,
        type: 3}
      propertyPath: m_LocalRotation.w
      value: 0.98017776
      objectReference: {fileID: 0}
    - target: {fileID: 4683489526811226195, guid: 580778d36d223d243b8696a2d56b2d2f,
        type: 3}
      propertyPath: m_RootOrder
      value: 5
      objectReference: {fileID: 0}
    - target: {fileID: 4683489526811226195, guid: 580778d36d223d243b8696a2d56b2d2f,
        type: 3}
      propertyPath: m_LocalEulerAnglesHint.x
      value: 4.195
      objectReference: {fileID: 0}
    - target: {fileID: 4683489526811226195, guid: 580778d36d223d243b8696a2d56b2d2f,
        type: 3}
      propertyPath: m_LocalEulerAnglesHint.y
      value: -253.186
      objectReference: {fileID: 0}
    - target: {fileID: 4683489526811226195, guid: 580778d36d223d243b8696a2d56b2d2f,
        type: 3}
      propertyPath: m_LocalEulerAnglesHint.z
      value: 1.266
      objectReference: {fileID: 0}
    - target: {fileID: 4683489526811226195, guid: 580778d36d223d243b8696a2d56b2d2f,
        type: 3}
      propertyPath: m_LocalScale.x
      value: 0.7
      objectReference: {fileID: 0}
    - target: {fileID: 4683489526811226195, guid: 580778d36d223d243b8696a2d56b2d2f,
        type: 3}
      propertyPath: m_LocalScale.y
      value: 0.7
      objectReference: {fileID: 0}
    - target: {fileID: 4683489526811226195, guid: 580778d36d223d243b8696a2d56b2d2f,
        type: 3}
      propertyPath: m_LocalScale.z
      value: 0.7
      objectReference: {fileID: 0}
    m_RemovedComponents: []
  m_SourcePrefab: {fileID: 100100000, guid: 580778d36d223d243b8696a2d56b2d2f, type: 3}
--- !u!4 &4683489527377567512 stripped
Transform:
  m_CorrespondingSourceObject: {fileID: 4683489526811226195, guid: 580778d36d223d243b8696a2d56b2d2f,
    type: 3}
  m_PrefabInstance: {fileID: 641888075}
  m_PrefabAsset: {fileID: 0}
--- !u!1001 &723194818
PrefabInstance:
  m_ObjectHideFlags: 0
  serializedVersion: 2
  m_Modification:
    m_TransformParent: {fileID: 7771786616203083019}
    m_Modifications:
    - target: {fileID: 4683489526811226194, guid: 580778d36d223d243b8696a2d56b2d2f,
        type: 3}
      propertyPath: m_Name
      value: SiegeTelesiege (7)
      objectReference: {fileID: 0}
    - target: {fileID: 4683489526811226194, guid: 580778d36d223d243b8696a2d56b2d2f,
        type: 3}
      propertyPath: m_IsActive
      value: 1
      objectReference: {fileID: 0}
    - target: {fileID: 4683489526811226195, guid: 580778d36d223d243b8696a2d56b2d2f,
        type: 3}
      propertyPath: m_LocalPosition.x
      value: -155.6524
      objectReference: {fileID: 0}
    - target: {fileID: 4683489526811226195, guid: 580778d36d223d243b8696a2d56b2d2f,
        type: 3}
      propertyPath: m_LocalPosition.y
      value: 84.17415
      objectReference: {fileID: 0}
    - target: {fileID: 4683489526811226195, guid: 580778d36d223d243b8696a2d56b2d2f,
        type: 3}
      propertyPath: m_LocalPosition.z
      value: 105.121216
      objectReference: {fileID: 0}
    - target: {fileID: 4683489526811226195, guid: 580778d36d223d243b8696a2d56b2d2f,
        type: 3}
      propertyPath: m_LocalRotation.x
      value: -0.006252628
      objectReference: {fileID: 0}
    - target: {fileID: 4683489526811226195, guid: 580778d36d223d243b8696a2d56b2d2f,
        type: 3}
      propertyPath: m_LocalRotation.y
      value: 0.97070825
      objectReference: {fileID: 0}
    - target: {fileID: 4683489526811226195, guid: 580778d36d223d243b8696a2d56b2d2f,
        type: 3}
      propertyPath: m_LocalRotation.z
      value: 0.025413187
      objectReference: {fileID: 0}
    - target: {fileID: 4683489526811226195, guid: 580778d36d223d243b8696a2d56b2d2f,
        type: 3}
      propertyPath: m_LocalRotation.w
      value: 0.2388318
      objectReference: {fileID: 0}
    - target: {fileID: 4683489526811226195, guid: 580778d36d223d243b8696a2d56b2d2f,
        type: 3}
      propertyPath: m_RootOrder
      value: 7
      objectReference: {fileID: 0}
    - target: {fileID: 4683489526811226195, guid: 580778d36d223d243b8696a2d56b2d2f,
        type: 3}
      propertyPath: m_LocalEulerAnglesHint.x
      value: 4.195
      objectReference: {fileID: 0}
    - target: {fileID: 4683489526811226195, guid: 580778d36d223d243b8696a2d56b2d2f,
        type: 3}
      propertyPath: m_LocalEulerAnglesHint.y
      value: -253.186
      objectReference: {fileID: 0}
    - target: {fileID: 4683489526811226195, guid: 580778d36d223d243b8696a2d56b2d2f,
        type: 3}
      propertyPath: m_LocalEulerAnglesHint.z
      value: 1.266
      objectReference: {fileID: 0}
    - target: {fileID: 4683489526811226195, guid: 580778d36d223d243b8696a2d56b2d2f,
        type: 3}
      propertyPath: m_LocalScale.x
      value: 0.7
      objectReference: {fileID: 0}
    - target: {fileID: 4683489526811226195, guid: 580778d36d223d243b8696a2d56b2d2f,
        type: 3}
      propertyPath: m_LocalScale.y
      value: 0.7
      objectReference: {fileID: 0}
    - target: {fileID: 4683489526811226195, guid: 580778d36d223d243b8696a2d56b2d2f,
        type: 3}
      propertyPath: m_LocalScale.z
      value: 0.7
      objectReference: {fileID: 0}
    m_RemovedComponents: []
  m_SourcePrefab: {fileID: 100100000, guid: 580778d36d223d243b8696a2d56b2d2f, type: 3}
--- !u!4 &4683489527464158097 stripped
Transform:
  m_CorrespondingSourceObject: {fileID: 4683489526811226195, guid: 580778d36d223d243b8696a2d56b2d2f,
    type: 3}
  m_PrefabInstance: {fileID: 723194818}
  m_PrefabAsset: {fileID: 0}
--- !u!1001 &775545665
PrefabInstance:
  m_ObjectHideFlags: 0
  serializedVersion: 2
  m_Modification:
    m_TransformParent: {fileID: 7771786616203083019}
    m_Modifications:
    - target: {fileID: 4683489526811226194, guid: 580778d36d223d243b8696a2d56b2d2f,
        type: 3}
      propertyPath: m_Name
      value: SiegeTelesiege
      objectReference: {fileID: 0}
    - target: {fileID: 4683489526811226195, guid: 580778d36d223d243b8696a2d56b2d2f,
        type: 3}
      propertyPath: m_LocalPosition.x
      value: 2.478012
      objectReference: {fileID: 0}
    - target: {fileID: 4683489526811226195, guid: 580778d36d223d243b8696a2d56b2d2f,
        type: 3}
      propertyPath: m_LocalPosition.y
      value: 1.4011021
      objectReference: {fileID: 0}
    - target: {fileID: 4683489526811226195, guid: 580778d36d223d243b8696a2d56b2d2f,
        type: 3}
      propertyPath: m_LocalPosition.z
      value: 12.913208
      objectReference: {fileID: 0}
    - target: {fileID: 4683489526811226195, guid: 580778d36d223d243b8696a2d56b2d2f,
        type: 3}
      propertyPath: m_LocalRotation.x
      value: 0.027030425
      objectReference: {fileID: 0}
    - target: {fileID: 4683489526811226195, guid: 580778d36d223d243b8696a2d56b2d2f,
        type: 3}
      propertyPath: m_LocalRotation.y
      value: 0.70659
      objectReference: {fileID: 0}
    - target: {fileID: 4683489526811226195, guid: 580778d36d223d243b8696a2d56b2d2f,
        type: 3}
      propertyPath: m_LocalRotation.z
      value: -0.027030425
      objectReference: {fileID: 0}
    - target: {fileID: 4683489526811226195, guid: 580778d36d223d243b8696a2d56b2d2f,
        type: 3}
      propertyPath: m_LocalRotation.w
      value: 0.70658994
      objectReference: {fileID: 0}
    - target: {fileID: 4683489526811226195, guid: 580778d36d223d243b8696a2d56b2d2f,
        type: 3}
      propertyPath: m_RootOrder
      value: 0
      objectReference: {fileID: 0}
    - target: {fileID: 4683489526811226195, guid: 580778d36d223d243b8696a2d56b2d2f,
        type: 3}
      propertyPath: m_LocalEulerAnglesHint.x
      value: 4.195
      objectReference: {fileID: 0}
    - target: {fileID: 4683489526811226195, guid: 580778d36d223d243b8696a2d56b2d2f,
        type: 3}
      propertyPath: m_LocalEulerAnglesHint.y
      value: -253.186
      objectReference: {fileID: 0}
    - target: {fileID: 4683489526811226195, guid: 580778d36d223d243b8696a2d56b2d2f,
        type: 3}
      propertyPath: m_LocalEulerAnglesHint.z
      value: 1.266
      objectReference: {fileID: 0}
    - target: {fileID: 4683489526811226195, guid: 580778d36d223d243b8696a2d56b2d2f,
        type: 3}
      propertyPath: m_LocalScale.x
      value: 0.7
      objectReference: {fileID: 0}
    - target: {fileID: 4683489526811226195, guid: 580778d36d223d243b8696a2d56b2d2f,
        type: 3}
      propertyPath: m_LocalScale.y
      value: 0.7
      objectReference: {fileID: 0}
    - target: {fileID: 4683489526811226195, guid: 580778d36d223d243b8696a2d56b2d2f,
        type: 3}
      propertyPath: m_LocalScale.z
      value: 0.7
      objectReference: {fileID: 0}
    m_RemovedComponents: []
  m_SourcePrefab: {fileID: 100100000, guid: 580778d36d223d243b8696a2d56b2d2f, type: 3}
--- !u!4 &4683489527516467986 stripped
Transform:
  m_CorrespondingSourceObject: {fileID: 4683489526811226195, guid: 580778d36d223d243b8696a2d56b2d2f,
    type: 3}
  m_PrefabInstance: {fileID: 775545665}
  m_PrefabAsset: {fileID: 0}
--- !u!1001 &1336577051
PrefabInstance:
  m_ObjectHideFlags: 0
  serializedVersion: 2
  m_Modification:
    m_TransformParent: {fileID: 7771786616203083019}
    m_Modifications:
    - target: {fileID: 4683489526811226194, guid: 580778d36d223d243b8696a2d56b2d2f,
        type: 3}
      propertyPath: m_Name
      value: SiegeTelesiege (8)
      objectReference: {fileID: 0}
    - target: {fileID: 4683489526811226194, guid: 580778d36d223d243b8696a2d56b2d2f,
        type: 3}
      propertyPath: m_IsActive
      value: 1
      objectReference: {fileID: 0}
    - target: {fileID: 4683489526811226195, guid: 580778d36d223d243b8696a2d56b2d2f,
        type: 3}
      propertyPath: m_LocalPosition.x
      value: -118.15988
      objectReference: {fileID: 0}
    - target: {fileID: 4683489526811226195, guid: 580778d36d223d243b8696a2d56b2d2f,
        type: 3}
      propertyPath: m_LocalPosition.y
      value: 88.643074
      objectReference: {fileID: 0}
    - target: {fileID: 4683489526811226195, guid: 580778d36d223d243b8696a2d56b2d2f,
        type: 3}
      propertyPath: m_LocalPosition.z
      value: 34.749313
      objectReference: {fileID: 0}
    - target: {fileID: 4683489526811226195, guid: 580778d36d223d243b8696a2d56b2d2f,
        type: 3}
      propertyPath: m_LocalRotation.x
      value: -0.108518995
      objectReference: {fileID: 0}
    - target: {fileID: 4683489526811226195, guid: 580778d36d223d243b8696a2d56b2d2f,
        type: 3}
      propertyPath: m_LocalRotation.y
      value: 0.8093503
      objectReference: {fileID: 0}
    - target: {fileID: 4683489526811226195, guid: 580778d36d223d243b8696a2d56b2d2f,
        type: 3}
      propertyPath: m_LocalRotation.z
      value: 0.15822212
      objectReference: {fileID: 0}
    - target: {fileID: 4683489526811226195, guid: 580778d36d223d243b8696a2d56b2d2f,
        type: 3}
      propertyPath: m_LocalRotation.w
      value: 0.55510485
      objectReference: {fileID: 0}
    - target: {fileID: 4683489526811226195, guid: 580778d36d223d243b8696a2d56b2d2f,
        type: 3}
      propertyPath: m_RootOrder
      value: 8
      objectReference: {fileID: 0}
    - target: {fileID: 4683489526811226195, guid: 580778d36d223d243b8696a2d56b2d2f,
        type: 3}
      propertyPath: m_LocalEulerAnglesHint.x
      value: 4.195
      objectReference: {fileID: 0}
    - target: {fileID: 4683489526811226195, guid: 580778d36d223d243b8696a2d56b2d2f,
        type: 3}
      propertyPath: m_LocalEulerAnglesHint.y
      value: -253.186
      objectReference: {fileID: 0}
    - target: {fileID: 4683489526811226195, guid: 580778d36d223d243b8696a2d56b2d2f,
        type: 3}
      propertyPath: m_LocalEulerAnglesHint.z
      value: 1.266
      objectReference: {fileID: 0}
    - target: {fileID: 4683489526811226195, guid: 580778d36d223d243b8696a2d56b2d2f,
        type: 3}
      propertyPath: m_LocalScale.x
      value: 0.7
      objectReference: {fileID: 0}
    - target: {fileID: 4683489526811226195, guid: 580778d36d223d243b8696a2d56b2d2f,
        type: 3}
      propertyPath: m_LocalScale.y
      value: 0.7
      objectReference: {fileID: 0}
    - target: {fileID: 4683489526811226195, guid: 580778d36d223d243b8696a2d56b2d2f,
        type: 3}
      propertyPath: m_LocalScale.z
      value: 0.7
      objectReference: {fileID: 0}
    m_RemovedComponents: []
  m_SourcePrefab: {fileID: 100100000, guid: 580778d36d223d243b8696a2d56b2d2f, type: 3}
--- !u!4 &4683489528062868552 stripped
Transform:
  m_CorrespondingSourceObject: {fileID: 4683489526811226195, guid: 580778d36d223d243b8696a2d56b2d2f,
    type: 3}
  m_PrefabInstance: {fileID: 1336577051}
  m_PrefabAsset: {fileID: 0}
--- !u!1001 &1938802562
PrefabInstance:
  m_ObjectHideFlags: 0
  serializedVersion: 2
  m_Modification:
    m_TransformParent: {fileID: 7771786616203083019}
    m_Modifications:
    - target: {fileID: 4683489526811226194, guid: 580778d36d223d243b8696a2d56b2d2f,
        type: 3}
      propertyPath: m_Name
      value: SiegeTelesiege (1)
      objectReference: {fileID: 0}
    - target: {fileID: 4683489526811226195, guid: 580778d36d223d243b8696a2d56b2d2f,
        type: 3}
      propertyPath: m_LocalPosition.x
      value: -40.866333
      objectReference: {fileID: 0}
    - target: {fileID: 4683489526811226195, guid: 580778d36d223d243b8696a2d56b2d2f,
        type: 3}
      propertyPath: m_LocalPosition.y
      value: 30.047274
      objectReference: {fileID: 0}
    - target: {fileID: 4683489526811226195, guid: 580778d36d223d243b8696a2d56b2d2f,
        type: 3}
      propertyPath: m_LocalPosition.z
      value: -0.8304882
      objectReference: {fileID: 0}
    - target: {fileID: 4683489526811226195, guid: 580778d36d223d243b8696a2d56b2d2f,
        type: 3}
      propertyPath: m_LocalRotation.x
      value: -0.27647752
      objectReference: {fileID: 0}
    - target: {fileID: 4683489526811226195, guid: 580778d36d223d243b8696a2d56b2d2f,
        type: 3}
      propertyPath: m_LocalRotation.y
      value: -0.6193174
      objectReference: {fileID: 0}
    - target: {fileID: 4683489526811226195, guid: 580778d36d223d243b8696a2d56b2d2f,
        type: 3}
      propertyPath: m_LocalRotation.z
      value: -0.24746309
      objectReference: {fileID: 0}
    - target: {fileID: 4683489526811226195, guid: 580778d36d223d243b8696a2d56b2d2f,
        type: 3}
      propertyPath: m_LocalRotation.w
      value: 0.6919308
      objectReference: {fileID: 0}
    - target: {fileID: 4683489526811226195, guid: 580778d36d223d243b8696a2d56b2d2f,
        type: 3}
      propertyPath: m_RootOrder
      value: 1
      objectReference: {fileID: 0}
    - target: {fileID: 4683489526811226195, guid: 580778d36d223d243b8696a2d56b2d2f,
        type: 3}
      propertyPath: m_LocalEulerAnglesHint.x
      value: 4.195
      objectReference: {fileID: 0}
    - target: {fileID: 4683489526811226195, guid: 580778d36d223d243b8696a2d56b2d2f,
        type: 3}
      propertyPath: m_LocalEulerAnglesHint.y
      value: -253.186
      objectReference: {fileID: 0}
    - target: {fileID: 4683489526811226195, guid: 580778d36d223d243b8696a2d56b2d2f,
        type: 3}
      propertyPath: m_LocalEulerAnglesHint.z
      value: 1.266
      objectReference: {fileID: 0}
    - target: {fileID: 4683489526811226195, guid: 580778d36d223d243b8696a2d56b2d2f,
        type: 3}
      propertyPath: m_LocalScale.x
      value: 0.7
      objectReference: {fileID: 0}
    - target: {fileID: 4683489526811226195, guid: 580778d36d223d243b8696a2d56b2d2f,
        type: 3}
      propertyPath: m_LocalScale.y
      value: 0.7
      objectReference: {fileID: 0}
    - target: {fileID: 4683489526811226195, guid: 580778d36d223d243b8696a2d56b2d2f,
        type: 3}
      propertyPath: m_LocalScale.z
      value: 0.7
      objectReference: {fileID: 0}
    m_RemovedComponents: []
  m_SourcePrefab: {fileID: 100100000, guid: 580778d36d223d243b8696a2d56b2d2f, type: 3}
--- !u!4 &4683489528128190417 stripped
Transform:
  m_CorrespondingSourceObject: {fileID: 4683489526811226195, guid: 580778d36d223d243b8696a2d56b2d2f,
    type: 3}
  m_PrefabInstance: {fileID: 1938802562}
  m_PrefabAsset: {fileID: 0}
--- !u!1001 &1963588591
PrefabInstance:
  m_ObjectHideFlags: 0
  serializedVersion: 2
  m_Modification:
    m_TransformParent: {fileID: 7771786616203083019}
    m_Modifications:
    - target: {fileID: 4683489526811226194, guid: 580778d36d223d243b8696a2d56b2d2f,
        type: 3}
      propertyPath: m_Name
      value: SiegeTelesiege (6)
      objectReference: {fileID: 0}
    - target: {fileID: 4683489526811226194, guid: 580778d36d223d243b8696a2d56b2d2f,
        type: 3}
      propertyPath: m_IsActive
      value: 1
      objectReference: {fileID: 0}
    - target: {fileID: 4683489526811226195, guid: 580778d36d223d243b8696a2d56b2d2f,
        type: 3}
      propertyPath: m_LocalPosition.x
      value: -193.1977
      objectReference: {fileID: 0}
    - target: {fileID: 4683489526811226195, guid: 580778d36d223d243b8696a2d56b2d2f,
        type: 3}
      propertyPath: m_LocalPosition.y
      value: 80.029564
      objectReference: {fileID: 0}
    - target: {fileID: 4683489526811226195, guid: 580778d36d223d243b8696a2d56b2d2f,
        type: 3}
      propertyPath: m_LocalPosition.z
      value: 175.64082
      objectReference: {fileID: 0}
    - target: {fileID: 4683489526811226195, guid: 580778d36d223d243b8696a2d56b2d2f,
        type: 3}
      propertyPath: m_LocalRotation.x
      value: -0.0063559758
      objectReference: {fileID: 0}
    - target: {fileID: 4683489526811226195, guid: 580778d36d223d243b8696a2d56b2d2f,
        type: 3}
      propertyPath: m_LocalRotation.y
      value: 0.9685158
      objectReference: {fileID: 0}
    - target: {fileID: 4683489526811226195, guid: 580778d36d223d243b8696a2d56b2d2f,
        type: 3}
      propertyPath: m_LocalRotation.z
      value: 0.024859494
      objectReference: {fileID: 0}
    - target: {fileID: 4683489526811226195, guid: 580778d36d223d243b8696a2d56b2d2f,
        type: 3}
      propertyPath: m_LocalRotation.w
      value: 0.24762623
      objectReference: {fileID: 0}
    - target: {fileID: 4683489526811226195, guid: 580778d36d223d243b8696a2d56b2d2f,
        type: 3}
      propertyPath: m_RootOrder
      value: 6
      objectReference: {fileID: 0}
    - target: {fileID: 4683489526811226195, guid: 580778d36d223d243b8696a2d56b2d2f,
        type: 3}
      propertyPath: m_LocalEulerAnglesHint.x
      value: 4.195
      objectReference: {fileID: 0}
    - target: {fileID: 4683489526811226195, guid: 580778d36d223d243b8696a2d56b2d2f,
        type: 3}
      propertyPath: m_LocalEulerAnglesHint.y
      value: -253.186
      objectReference: {fileID: 0}
    - target: {fileID: 4683489526811226195, guid: 580778d36d223d243b8696a2d56b2d2f,
        type: 3}
      propertyPath: m_LocalEulerAnglesHint.z
      value: 1.266
      objectReference: {fileID: 0}
    - target: {fileID: 4683489526811226195, guid: 580778d36d223d243b8696a2d56b2d2f,
        type: 3}
      propertyPath: m_LocalScale.x
      value: 0.7
      objectReference: {fileID: 0}
    - target: {fileID: 4683489526811226195, guid: 580778d36d223d243b8696a2d56b2d2f,
        type: 3}
      propertyPath: m_LocalScale.y
      value: 0.7
      objectReference: {fileID: 0}
    - target: {fileID: 4683489526811226195, guid: 580778d36d223d243b8696a2d56b2d2f,
        type: 3}
      propertyPath: m_LocalScale.z
      value: 0.7
      objectReference: {fileID: 0}
    m_RemovedComponents: []
  m_SourcePrefab: {fileID: 100100000, guid: 580778d36d223d243b8696a2d56b2d2f, type: 3}
--- !u!4 &4683489528236837820 stripped
Transform:
  m_CorrespondingSourceObject: {fileID: 4683489526811226195, guid: 580778d36d223d243b8696a2d56b2d2f,
    type: 3}
  m_PrefabInstance: {fileID: 1963588591}
  m_PrefabAsset: {fileID: 0}
--- !u!1001 &1992997698
PrefabInstance:
  m_ObjectHideFlags: 0
  serializedVersion: 2
  m_Modification:
    m_TransformParent: {fileID: 7771786616203083019}
    m_Modifications:
    - target: {fileID: 4683489526811226194, guid: 580778d36d223d243b8696a2d56b2d2f,
        type: 3}
      propertyPath: m_Name
      value: SiegeTelesiege (3)
      objectReference: {fileID: 0}
    - target: {fileID: 4683489526811226195, guid: 580778d36d223d243b8696a2d56b2d2f,
        type: 3}
      propertyPath: m_LocalPosition.x
      value: -148.46628
      objectReference: {fileID: 0}
    - target: {fileID: 4683489526811226195, guid: 580778d36d223d243b8696a2d56b2d2f,
        type: 3}
      propertyPath: m_LocalPosition.y
      value: 86.20957
      objectReference: {fileID: 0}
    - target: {fileID: 4683489526811226195, guid: 580778d36d223d243b8696a2d56b2d2f,
        type: 3}
      propertyPath: m_LocalPosition.z
      value: 59.138184
      objectReference: {fileID: 0}
    - target: {fileID: 4683489526811226195, guid: 580778d36d223d243b8696a2d56b2d2f,
        type: 3}
      propertyPath: m_LocalRotation.x
      value: 0.023657627
      objectReference: {fileID: 0}
    - target: {fileID: 4683489526811226195, guid: 580778d36d223d243b8696a2d56b2d2f,
        type: 3}
      propertyPath: m_LocalRotation.y
      value: -0.22764869
      objectReference: {fileID: 0}
    - target: {fileID: 4683489526811226195, guid: 580778d36d223d243b8696a2d56b2d2f,
        type: 3}
      propertyPath: m_LocalRotation.z
      value: 0.005532572
      objectReference: {fileID: 0}
    - target: {fileID: 4683489526811226195, guid: 580778d36d223d243b8696a2d56b2d2f,
        type: 3}
      propertyPath: m_LocalRotation.w
      value: 0.9734402
      objectReference: {fileID: 0}
    - target: {fileID: 4683489526811226195, guid: 580778d36d223d243b8696a2d56b2d2f,
        type: 3}
      propertyPath: m_RootOrder
      value: 3
      objectReference: {fileID: 0}
    - target: {fileID: 4683489526811226195, guid: 580778d36d223d243b8696a2d56b2d2f,
        type: 3}
      propertyPath: m_LocalEulerAnglesHint.x
      value: 4.195
      objectReference: {fileID: 0}
    - target: {fileID: 4683489526811226195, guid: 580778d36d223d243b8696a2d56b2d2f,
        type: 3}
      propertyPath: m_LocalEulerAnglesHint.y
      value: -253.186
      objectReference: {fileID: 0}
    - target: {fileID: 4683489526811226195, guid: 580778d36d223d243b8696a2d56b2d2f,
        type: 3}
      propertyPath: m_LocalEulerAnglesHint.z
      value: 1.266
      objectReference: {fileID: 0}
    - target: {fileID: 4683489526811226195, guid: 580778d36d223d243b8696a2d56b2d2f,
        type: 3}
      propertyPath: m_LocalScale.x
      value: 0.7
      objectReference: {fileID: 0}
    - target: {fileID: 4683489526811226195, guid: 580778d36d223d243b8696a2d56b2d2f,
        type: 3}
      propertyPath: m_LocalScale.y
      value: 0.7
      objectReference: {fileID: 0}
    - target: {fileID: 4683489526811226195, guid: 580778d36d223d243b8696a2d56b2d2f,
        type: 3}
      propertyPath: m_LocalScale.z
      value: 0.7
      objectReference: {fileID: 0}
    m_RemovedComponents: []
  m_SourcePrefab: {fileID: 100100000, guid: 580778d36d223d243b8696a2d56b2d2f, type: 3}
--- !u!4 &4683489528174005009 stripped
Transform:
  m_CorrespondingSourceObject: {fileID: 4683489526811226195, guid: 580778d36d223d243b8696a2d56b2d2f,
    type: 3}
  m_PrefabInstance: {fileID: 1992997698}
  m_PrefabAsset: {fileID: 0}
--- !u!1001 &2117452881
PrefabInstance:
  m_ObjectHideFlags: 0
  serializedVersion: 2
  m_Modification:
    m_TransformParent: {fileID: 7771786616203083019}
    m_Modifications:
    - target: {fileID: 4683489526811226194, guid: 580778d36d223d243b8696a2d56b2d2f,
        type: 3}
      propertyPath: m_Name
      value: SiegeTelesiege (9)
      objectReference: {fileID: 0}
    - target: {fileID: 4683489526811226194, guid: 580778d36d223d243b8696a2d56b2d2f,
        type: 3}
      propertyPath: m_IsActive
      value: 1
      objectReference: {fileID: 0}
    - target: {fileID: 4683489526811226195, guid: 580778d36d223d243b8696a2d56b2d2f,
        type: 3}
      propertyPath: m_LocalPosition.x
      value: -56.541718
      objectReference: {fileID: 0}
    - target: {fileID: 4683489526811226195, guid: 580778d36d223d243b8696a2d56b2d2f,
        type: 3}
      propertyPath: m_LocalPosition.y
      value: 44.69423
      objectReference: {fileID: 0}
    - target: {fileID: 4683489526811226195, guid: 580778d36d223d243b8696a2d56b2d2f,
        type: 3}
      propertyPath: m_LocalPosition.z
      value: 20.44318
      objectReference: {fileID: 0}
    - target: {fileID: 4683489526811226195, guid: 580778d36d223d243b8696a2d56b2d2f,
        type: 3}
      propertyPath: m_LocalRotation.x
      value: 0.23329502
      objectReference: {fileID: 0}
    - target: {fileID: 4683489526811226195, guid: 580778d36d223d243b8696a2d56b2d2f,
        type: 3}
      propertyPath: m_LocalRotation.y
      value: 0.72628903
      objectReference: {fileID: 0}
    - target: {fileID: 4683489526811226195, guid: 580778d36d223d243b8696a2d56b2d2f,
        type: 3}
      propertyPath: m_LocalRotation.z
      value: -0.2943053
      objectReference: {fileID: 0}
    - target: {fileID: 4683489526811226195, guid: 580778d36d223d243b8696a2d56b2d2f,
        type: 3}
      propertyPath: m_LocalRotation.w
      value: 0.5757274
      objectReference: {fileID: 0}
    - target: {fileID: 4683489526811226195, guid: 580778d36d223d243b8696a2d56b2d2f,
        type: 3}
      propertyPath: m_RootOrder
      value: 9
      objectReference: {fileID: 0}
    - target: {fileID: 4683489526811226195, guid: 580778d36d223d243b8696a2d56b2d2f,
        type: 3}
      propertyPath: m_LocalEulerAnglesHint.x
      value: 4.195
      objectReference: {fileID: 0}
    - target: {fileID: 4683489526811226195, guid: 580778d36d223d243b8696a2d56b2d2f,
        type: 3}
      propertyPath: m_LocalEulerAnglesHint.y
      value: -253.186
      objectReference: {fileID: 0}
    - target: {fileID: 4683489526811226195, guid: 580778d36d223d243b8696a2d56b2d2f,
        type: 3}
      propertyPath: m_LocalEulerAnglesHint.z
      value: 1.266
      objectReference: {fileID: 0}
    - target: {fileID: 4683489526811226195, guid: 580778d36d223d243b8696a2d56b2d2f,
        type: 3}
      propertyPath: m_LocalScale.x
      value: 0.7
      objectReference: {fileID: 0}
    - target: {fileID: 4683489526811226195, guid: 580778d36d223d243b8696a2d56b2d2f,
        type: 3}
      propertyPath: m_LocalScale.y
      value: 0.7
      objectReference: {fileID: 0}
    - target: {fileID: 4683489526811226195, guid: 580778d36d223d243b8696a2d56b2d2f,
        type: 3}
      propertyPath: m_LocalScale.z
      value: 0.7
      objectReference: {fileID: 0}
    m_RemovedComponents: []
  m_SourcePrefab: {fileID: 100100000, guid: 580778d36d223d243b8696a2d56b2d2f, type: 3}
--- !u!4 &4683489528322569218 stripped
Transform:
  m_CorrespondingSourceObject: {fileID: 4683489526811226195, guid: 580778d36d223d243b8696a2d56b2d2f,
    type: 3}
  m_PrefabInstance: {fileID: 2117452881}
  m_PrefabAsset: {fileID: 0}
