%YAML 1.1
%TAG !u! tag:unity3d.com,2011:
--- !u!1 &16695049213411270
GameObject:
  m_ObjectHideFlags: 0
  m_CorrespondingSourceObject: {fileID: 0}
  m_PrefabInstance: {fileID: 0}
  m_PrefabAsset: {fileID: 0}
  serializedVersion: 6
  m_Component:
  - component: {fileID: 2582061826967064305}
  - component: {fileID: 8833346505734699011}
  - component: {fileID: 396698562338954554}
  m_Layer: 0
  m_Name: Colecte 2
  m_TagString: Untagged
  m_Icon: {fileID: 0}
  m_NavMeshLayer: 0
  m_StaticEditorFlags: 0
  m_IsActive: 1
--- !u!4 &2582061826967064305
Transform:
  m_ObjectHideFlags: 0
  m_CorrespondingSourceObject: {fileID: 0}
  m_PrefabInstance: {fileID: 0}
  m_PrefabAsset: {fileID: 0}
  m_GameObject: {fileID: 16695049213411270}
  m_LocalRotation: {x: -0, y: -0, z: -0, w: 1}
  m_LocalPosition: {x: 0, y: 0, z: 0}
  m_LocalScale: {x: 1, y: 1, z: 1}
  m_Children: []
  m_Father: {fileID: 4869439802371598610}
  m_RootOrder: 0
  m_LocalEulerAnglesHint: {x: 0, y: 0, z: 0}
--- !u!2083052967 &8833346505734699011
VisualEffect:
  m_ObjectHideFlags: 0
  m_CorrespondingSourceObject: {fileID: 0}
  m_PrefabInstance: {fileID: 0}
  m_PrefabAsset: {fileID: 0}
  m_GameObject: {fileID: 16695049213411270}
  m_Enabled: 1
  m_Asset: {fileID: 8926484042661614526, guid: 53871b97159bc094697709c0bf4925a3, type: 3}
  m_InitialEventName: OnPlay
  m_InitialEventNameOverriden: 0
  m_StartSeed: 0
  m_ResetSeedOnPlay: 1
  m_PropertySheet:
    m_Float:
      m_Array:
      - m_Value: 0.25
        m_Name: LifeTime
        m_Overridden: 1
    m_Vector2f:
      m_Array: []
    m_Vector3f:
      m_Array: []
    m_Vector4f:
      m_Array:
      - m_Value: {x: 1, y: 1, z: 1, w: 1}
        m_Name: Color2
        m_Overridden: 1
    m_Uint:
      m_Array: []
    m_Int:
      m_Array: []
    m_Matrix4x4f:
      m_Array: []
    m_AnimationCurve:
      m_Array:
      - m_Value:
          serializedVersion: 2
          m_Curve:
          - serializedVersion: 3
            time: 0.0052785296
            value: 0.001835227
            inSlope: 0.7318545
            outSlope: 0.7318545
            tangentMode: 34
            weightedMode: 0
            inWeight: 0
            outWeight: 0.33333334
          - serializedVersion: 3
            time: 1.3859817
            value: 1.012309
            inSlope: -3.1212583
            outSlope: -3.1212583
            tangentMode: 0
            weightedMode: 0
            inWeight: 0.04595371
            outWeight: 0
          m_PreInfinity: 2
          m_PostInfinity: 2
          m_RotationOrder: 4
        m_Name: AnimationCurveSizeDOWN
        m_Overridden: 1
    m_Gradient:
      m_Array: []
    m_NamedObject:
      m_Array: []
    m_Bool:
      m_Array: []
--- !u!73398921 &396698562338954554
VFXRenderer:
  m_ObjectHideFlags: 0
  m_CorrespondingSourceObject: {fileID: 0}
  m_PrefabInstance: {fileID: 0}
  m_PrefabAsset: {fileID: 0}
  m_GameObject: {fileID: 16695049213411270}
  m_Enabled: 1
  m_CastShadows: 0
  m_ReceiveShadows: 0
  m_DynamicOccludee: 1
  m_MotionVectors: 0
  m_LightProbeUsage: 0
  m_ReflectionProbeUsage: 0
  m_RayTracingMode: 0
  m_RenderingLayerMask: 1
  m_RendererPriority: 0
  m_Materials:
  - {fileID: 0}
  m_StaticBatchInfo:
    firstSubMesh: 0
    subMeshCount: 0
  m_StaticBatchRoot: {fileID: 0}
  m_ProbeAnchor: {fileID: 0}
  m_LightProbeVolumeOverride: {fileID: 0}
  m_ScaleInLightmap: 1
  m_ReceiveGI: 1
  m_PreserveUVs: 0
  m_IgnoreNormalsForChartDetection: 0
  m_ImportantGI: 0
  m_StitchLightmapSeams: 1
  m_SelectedEditorRenderState: 3
  m_MinimumChartSize: 4
  m_AutoUVMaxDistance: 0.5
  m_AutoUVMaxAngle: 89
  m_LightmapParameters: {fileID: 0}
  m_SortingLayerID: 0
  m_SortingLayer: 0
  m_SortingOrder: 0
--- !u!1 &4869439800927211809
GameObject:
  m_ObjectHideFlags: 0
  m_CorrespondingSourceObject: {fileID: 0}
  m_PrefabInstance: {fileID: 0}
  m_PrefabAsset: {fileID: 0}
  serializedVersion: 6
  m_Component:
  - component: {fileID: 4869439802371598610}
  - component: {fileID: 4869439800927211813}
  - component: {fileID: 4869439800927211816}
  m_Layer: 0
  m_Name: LossV3
  m_TagString: Untagged
  m_Icon: {fileID: 0}
  m_NavMeshLayer: 0
  m_StaticEditorFlags: 0
  m_IsActive: 1
--- !u!4 &4869439802371598610
Transform:
  m_ObjectHideFlags: 0
  m_CorrespondingSourceObject: {fileID: 0}
  m_PrefabInstance: {fileID: 0}
  m_PrefabAsset: {fileID: 0}
  m_GameObject: {fileID: 4869439800927211809}
  m_LocalRotation: {x: 0, y: 0, z: 0, w: 1}
  m_LocalPosition: {x: 0, y: 0, z: 0}
  m_LocalScale: {x: 1, y: 1, z: 1}
  m_Children:
  - {fileID: 2582061826967064305}
  m_Father: {fileID: 0}
  m_RootOrder: 0
  m_LocalEulerAnglesHint: {x: 0, y: 0, z: 0}
--- !u!2083052967 &4869439800927211813
VisualEffect:
  m_ObjectHideFlags: 0
  m_CorrespondingSourceObject: {fileID: 0}
  m_PrefabInstance: {fileID: 0}
  m_PrefabAsset: {fileID: 0}
  m_GameObject: {fileID: 4869439800927211809}
  m_Enabled: 1
  m_Asset: {fileID: 8926484042661614526, guid: 2729ad7ee0575b5449bdedb6a9942587, type: 3}
  m_InitialEventName: OnPlay
  m_InitialEventNameOverriden: 0
  m_StartSeed: 0
  m_ResetSeedOnPlay: 1
  m_PropertySheet:
    m_Float:
      m_Array:
      - m_Value: 0.48
        m_Name: New Sphere_radius
        m_Overridden: 1
      - m_Value: 389
        m_Name: NbPArticules
        m_Overridden: 1
      - m_Value: 5
        m_Name: Up
        m_Overridden: 0
      - m_Value: 2
        m_Name: "Intensit\xE9"
        m_Overridden: 0
      - m_Value: 1.5
        m_Name: SpawnSphere_radius
        m_Overridden: 1
      - m_Value: 0
        m_Name: ScaleSpanwSPhere
        m_Overridden: 0
      - m_Value: 1.5
        m_Name: BlendSize
        m_Overridden: 1
      - m_Value: -30
        m_Name: GravityY
        m_Overridden: 1
    m_Vector2f:
      m_Array:
      - m_Value: {x: 0.5, y: 1}
        m_Name: MinMaxLifetime
        m_Overridden: 1
      - m_Value: {x: -2, y: 2}
        m_Name: Force
        m_Overridden: 1
      - m_Value: {x: 20, y: 40}
        m_Name: NbParticules
        m_Overridden: 1
    m_Vector3f:
      m_Array:
      - m_Value: {x: 5.62, y: 0, z: -0.99}
        m_Name: New Sphere_center
        m_Overridden: 1
      - m_Value: {x: -44.85475, y: 1, z: 41.204636}
        m_Name: SpawnSphere_center
        m_Overridden: 1
      - m_Value: {x: 30, y: 30, z: 30}
        m_Name: v3ForceMin
        m_Overridden: 0
      - m_Value: {x: -30, y: -30, z: -30}
        m_Name: v3ForceMax
        m_Overridden: 0
      - m_Value: {x: -0, y: 0, z: 0}
        m_Name: Transform_angles
        m_Overridden: 1
      - m_Value: {x: -10.2, y: -0.45035362, z: 55.4}
        m_Name: Transform_position
        m_Overridden: 1
      - m_Value: {x: 1, y: 1, z: 1}
        m_Name: Transform_scale
        m_Overridden: 1
      - m_Value: {x: 5, y: 5, z: 5}
        m_Name: Scale_scale
        m_Overridden: 1
    m_Vector4f:
      m_Array: []
    m_Uint:
      m_Array: []
    m_Int:
      m_Array: []
    m_Matrix4x4f:
      m_Array: []
    m_AnimationCurve:
      m_Array: []
    m_Gradient:
      m_Array:
      - m_Value:
          serializedVersion: 2
          key0: {r: 1, g: 1, b: 1, a: 1}
          key1: {r: 1, g: 1, b: 1, a: 1}
          key2: {r: 0, g: 2.826585, b: 3.4871242, a: 0.8627451}
          key3: {r: 0, g: 1.2686968, b: 2.064525, a: 0}
          key4: {r: 0, g: 0.40784314, b: 4, a: 0}
          key5: {r: 0, g: 0, b: 0, a: 0}
          key6: {r: 0, g: 0, b: 0, a: 0}
          key7: {r: 0, g: 0, b: 0, a: 0}
          ctime0: 0
          ctime1: 65535
          ctime2: 15998
          ctime3: 44333
          ctime4: 65535
          ctime5: 0
          ctime6: 0
          ctime7: 0
          atime0: 0
          atime1: 65535
          atime2: 61102
          atime3: 65535
          atime4: 65535
          atime5: 0
          atime6: 0
          atime7: 0
          m_Mode: 0
          m_NumColorKeys: 2
          m_NumAlphaKeys: 2
        m_Name: Gradient
        m_Overridden: 1
    m_NamedObject:
      m_Array: []
    m_Bool:
      m_Array: []
--- !u!73398921 &4869439800927211816
VFXRenderer:
  m_ObjectHideFlags: 0
  m_CorrespondingSourceObject: {fileID: 0}
  m_PrefabInstance: {fileID: 0}
  m_PrefabAsset: {fileID: 0}
  m_GameObject: {fileID: 4869439800927211809}
  m_Enabled: 1
  m_CastShadows: 0
  m_ReceiveShadows: 0
  m_DynamicOccludee: 1
  m_MotionVectors: 0
  m_LightProbeUsage: 0
  m_ReflectionProbeUsage: 0
  m_RayTracingMode: 0
  m_RenderingLayerMask: 1
  m_RendererPriority: 0
  m_Materials:
  - {fileID: 0}
  m_StaticBatchInfo:
    firstSubMesh: 0
    subMeshCount: 0
  m_StaticBatchRoot: {fileID: 0}
  m_ProbeAnchor: {fileID: 0}
  m_LightProbeVolumeOverride: {fileID: 0}
  m_ScaleInLightmap: 1
  m_ReceiveGI: 1
  m_PreserveUVs: 0
  m_IgnoreNormalsForChartDetection: 0
  m_ImportantGI: 0
  m_StitchLightmapSeams: 1
  m_SelectedEditorRenderState: 3
  m_MinimumChartSize: 4
  m_AutoUVMaxDistance: 0.5
  m_AutoUVMaxAngle: 89
  m_LightmapParameters: {fileID: 0}
  m_SortingLayerID: 0
  m_SortingLayer: 0
  m_SortingOrder: 0
