%YAML 1.1
%TAG !u! tag:unity3d.com,2011:
--- !u!1 &5953374691960048871
GameObject:
  m_ObjectHideFlags: 0
  m_CorrespondingSourceObject: {fileID: 0}
  m_PrefabInstance: {fileID: 0}
  m_PrefabAsset: {fileID: 0}
  serializedVersion: 6
  m_Component:
  - component: {fileID: 6473205460708365917}
  - component: {fileID: 7960861678645221880}
  - component: {fileID: 5304781646853827890}
  m_Layer: 0
  m_Name: CableCourt
  m_TagString: Untagged
  m_Icon: {fileID: 0}
  m_NavMeshLayer: 0
  m_StaticEditorFlags: 0
  m_IsActive: 1
--- !u!4 &6473205460708365917
Transform:
  m_ObjectHideFlags: 0
  m_CorrespondingSourceObject: {fileID: 0}
  m_PrefabInstance: {fileID: 0}
  m_PrefabAsset: {fileID: 0}
  m_GameObject: {fileID: 5953374691960048871}
  m_LocalRotation: {x: -0.7071067, y: -0.000000030908616, z: 0.000000030908623, w: 0.7071068}
  m_LocalPosition: {x: -0, y: 0, z: 0}
  m_LocalScale: {x: 150, y: 150, z: 150}
  m_Children: []
  m_Father: {fileID: 6800377629574222309}
  m_RootOrder: 0
  m_LocalEulerAnglesHint: {x: 0, y: 0, z: 0}
--- !u!33 &7960861678645221880
MeshFilter:
  m_ObjectHideFlags: 0
  m_CorrespondingSourceObject: {fileID: 0}
  m_PrefabInstance: {fileID: 0}
  m_PrefabAsset: {fileID: 0}
  m_GameObject: {fileID: 5953374691960048871}
  m_Mesh: {fileID: 3853669091817122187, guid: e81bcd832013e0448bfddcdc441ae5e5, type: 3}
--- !u!23 &5304781646853827890
MeshRenderer:
  m_ObjectHideFlags: 0
  m_CorrespondingSourceObject: {fileID: 0}
  m_PrefabInstance: {fileID: 0}
  m_PrefabAsset: {fileID: 0}
  m_GameObject: {fileID: 5953374691960048871}
  m_Enabled: 1
  m_CastShadows: 1
  m_ReceiveShadows: 1
  m_DynamicOccludee: 1
  m_MotionVectors: 1
  m_LightProbeUsage: 1
  m_ReflectionProbeUsage: 1
  m_RayTracingMode: 2
  m_RenderingLayerMask: 1
  m_RendererPriority: 0
  m_Materials:
  - {fileID: 2100000, guid: c114fcaeeade39046b21ff066033f9dd, type: 2}
  m_StaticBatchInfo:
    firstSubMesh: 0
    subMeshCount: 0
  m_StaticBatchRoot: {fileID: 0}
  m_ProbeAnchor: {fileID: 0}
  m_LightProbeVolumeOverride: {fileID: 0}
  m_ScaleInLightmap: 1
  m_ReceiveGI: 1
  m_PreserveUVs: 0
  m_IgnoreNormalsForChartDetection: 0
  m_ImportantGI: 0
  m_StitchLightmapSeams: 1
  m_SelectedEditorRenderState: 3
  m_MinimumChartSize: 4
  m_AutoUVMaxDistance: 0.5
  m_AutoUVMaxAngle: 89
  m_LightmapParameters: {fileID: 0}
  m_SortingLayerID: 0
  m_SortingLayer: 0
  m_SortingOrder: 0
--- !u!1 &6800377629574222330
GameObject:
  m_ObjectHideFlags: 0
  m_CorrespondingSourceObject: {fileID: 0}
  m_PrefabInstance: {fileID: 0}
  m_PrefabAsset: {fileID: 0}
  serializedVersion: 6
  m_Component:
  - component: {fileID: 6800377629574222309}
  m_Layer: 0
  m_Name: GuirlandeCourte2
  m_TagString: Untagged
  m_Icon: {fileID: 0}
  m_NavMeshLayer: 0
  m_StaticEditorFlags: 0
  m_IsActive: 1
--- !u!4 &6800377629574222309
Transform:
  m_ObjectHideFlags: 0
  m_CorrespondingSourceObject: {fileID: 0}
  m_PrefabInstance: {fileID: 0}
  m_PrefabAsset: {fileID: 0}
  m_GameObject: {fileID: 6800377629574222330}
  m_LocalRotation: {x: -0, y: -0, z: -0, w: 1}
  m_LocalPosition: {x: -235.53, y: -171.9, z: 481.55}
  m_LocalScale: {x: 1, y: 1, z: 1}
  m_Children:
  - {fileID: 6473205460708365917}
  - {fileID: 1188792357476391176}
  - {fileID: 1188792356939313402}
  - {fileID: 1188792356816424059}
  - {fileID: 1188792356860172826}
  - {fileID: 1188792358353705512}
  m_Father: {fileID: 0}
  m_RootOrder: 0
  m_LocalEulerAnglesHint: {x: 0, y: 0, z: 0}
--- !u!1001 &6800377629295536733
PrefabInstance:
  m_ObjectHideFlags: 0
  serializedVersion: 2
  m_Modification:
    m_TransformParent: {fileID: 6800377629574222309}
    m_Modifications:
    - target: {fileID: 5629705371724034896, guid: 652f1cb5f8a9ab1468de7e2f22e66643,
        type: 3}
      propertyPath: m_Materials.Array.data[0]
      value: 
      objectReference: {fileID: 0}
    - target: {fileID: 5629705371724034896, guid: 652f1cb5f8a9ab1468de7e2f22e66643,
        type: 3}
      propertyPath: m_Enabled
      value: 1
      objectReference: {fileID: 0}
    - target: {fileID: 5629705371724034897, guid: 652f1cb5f8a9ab1468de7e2f22e66643,
        type: 3}
      propertyPath: m_PropertySheet.m_Gradient.m_Array.Array.data[1].m_Value.key0.r
      value: 0.012265528
      objectReference: {fileID: 0}
    - target: {fileID: 5629705371724034897, guid: 652f1cb5f8a9ab1468de7e2f22e66643,
        type: 3}
      propertyPath: m_PropertySheet.m_Gradient.m_Array.Array.data[1].m_Value.key0.g
      value: 2.6002855
      objectReference: {fileID: 0}
    - target: {fileID: 5629705371724034897, guid: 652f1cb5f8a9ab1468de7e2f22e66643,
        type: 3}
      propertyPath: m_PropertySheet.m_Gradient.m_Array.Array.data[1].m_Value.key0.b
      value: 1.9458219
      objectReference: {fileID: 0}
    - target: {fileID: 5629705371724034897, guid: 652f1cb5f8a9ab1468de7e2f22e66643,
        type: 3}
      propertyPath: m_PropertySheet.m_Gradient.m_Array.Array.data[1].m_Value.key1.r
      value: 2.420242
      objectReference: {fileID: 0}
    - target: {fileID: 5629705371724034897, guid: 652f1cb5f8a9ab1468de7e2f22e66643,
        type: 3}
      propertyPath: m_PropertySheet.m_Gradient.m_Array.Array.data[1].m_Value.key1.g
      value: 0
      objectReference: {fileID: 0}
    - target: {fileID: 5629705371724034897, guid: 652f1cb5f8a9ab1468de7e2f22e66643,
        type: 3}
      propertyPath: m_PropertySheet.m_Gradient.m_Array.Array.data[1].m_Value.key1.b
      value: 3.9999995
      objectReference: {fileID: 0}
    - target: {fileID: 5629705371724034897, guid: 652f1cb5f8a9ab1468de7e2f22e66643,
        type: 3}
      propertyPath: m_PropertySheet.m_Gradient.m_Array.Array.data[2].m_Value.key0.r
      value: 2.420242
      objectReference: {fileID: 0}
    - target: {fileID: 5629705371724034897, guid: 652f1cb5f8a9ab1468de7e2f22e66643,
        type: 3}
      propertyPath: m_PropertySheet.m_Gradient.m_Array.Array.data[2].m_Value.key0.g
      value: 0
      objectReference: {fileID: 0}
    - target: {fileID: 5629705371724034897, guid: 652f1cb5f8a9ab1468de7e2f22e66643,
        type: 3}
      propertyPath: m_PropertySheet.m_Gradient.m_Array.Array.data[2].m_Value.key0.b
      value: 3.9999995
      objectReference: {fileID: 0}
    - target: {fileID: 5629705371724034897, guid: 652f1cb5f8a9ab1468de7e2f22e66643,
        type: 3}
      propertyPath: m_PropertySheet.m_Gradient.m_Array.Array.data[2].m_Value.key1.r
      value: 0.012265528
      objectReference: {fileID: 0}
    - target: {fileID: 5629705371724034897, guid: 652f1cb5f8a9ab1468de7e2f22e66643,
        type: 3}
      propertyPath: m_PropertySheet.m_Gradient.m_Array.Array.data[2].m_Value.key1.g
      value: 2.6002855
      objectReference: {fileID: 0}
    - target: {fileID: 5629705371724034897, guid: 652f1cb5f8a9ab1468de7e2f22e66643,
        type: 3}
      propertyPath: m_PropertySheet.m_Gradient.m_Array.Array.data[2].m_Value.key1.b
      value: 1.9458219
      objectReference: {fileID: 0}
    - target: {fileID: 5629705371724034897, guid: 652f1cb5f8a9ab1468de7e2f22e66643,
        type: 3}
      propertyPath: m_PropertySheet.m_Gradient.m_Array.Array.data[2].m_Value.ctime0
      value: 32178
      objectReference: {fileID: 0}
    - target: {fileID: 5629705371724034897, guid: 652f1cb5f8a9ab1468de7e2f22e66643,
        type: 3}
      propertyPath: m_PropertySheet.m_Gradient.m_Array.Array.data[2].m_Value.ctime1
      value: 65342
      objectReference: {fileID: 0}
    - target: {fileID: 5629705371724034900, guid: 652f1cb5f8a9ab1468de7e2f22e66643,
        type: 3}
      propertyPath: m_Name
      value: VFXLED (12)
      objectReference: {fileID: 0}
    - target: {fileID: 5629705371724034901, guid: 652f1cb5f8a9ab1468de7e2f22e66643,
        type: 3}
      propertyPath: m_LocalPosition.x
      value: -6.399994
      objectReference: {fileID: 0}
    - target: {fileID: 5629705371724034901, guid: 652f1cb5f8a9ab1468de7e2f22e66643,
        type: 3}
      propertyPath: m_LocalPosition.y
      value: -0.22000122
      objectReference: {fileID: 0}
    - target: {fileID: 5629705371724034901, guid: 652f1cb5f8a9ab1468de7e2f22e66643,
        type: 3}
      propertyPath: m_LocalPosition.z
      value: 0
      objectReference: {fileID: 0}
    - target: {fileID: 5629705371724034901, guid: 652f1cb5f8a9ab1468de7e2f22e66643,
        type: 3}
      propertyPath: m_LocalRotation.x
      value: -0
      objectReference: {fileID: 0}
    - target: {fileID: 5629705371724034901, guid: 652f1cb5f8a9ab1468de7e2f22e66643,
        type: 3}
      propertyPath: m_LocalRotation.y
      value: -0
      objectReference: {fileID: 0}
    - target: {fileID: 5629705371724034901, guid: 652f1cb5f8a9ab1468de7e2f22e66643,
        type: 3}
      propertyPath: m_LocalRotation.z
      value: -0
      objectReference: {fileID: 0}
    - target: {fileID: 5629705371724034901, guid: 652f1cb5f8a9ab1468de7e2f22e66643,
        type: 3}
      propertyPath: m_LocalRotation.w
      value: 1
      objectReference: {fileID: 0}
    - target: {fileID: 5629705371724034901, guid: 652f1cb5f8a9ab1468de7e2f22e66643,
        type: 3}
      propertyPath: m_RootOrder
      value: 1
      objectReference: {fileID: 0}
    - target: {fileID: 5629705371724034901, guid: 652f1cb5f8a9ab1468de7e2f22e66643,
        type: 3}
      propertyPath: m_LocalEulerAnglesHint.x
      value: 0
      objectReference: {fileID: 0}
    - target: {fileID: 5629705371724034901, guid: 652f1cb5f8a9ab1468de7e2f22e66643,
        type: 3}
      propertyPath: m_LocalEulerAnglesHint.y
      value: 0
      objectReference: {fileID: 0}
    - target: {fileID: 5629705371724034901, guid: 652f1cb5f8a9ab1468de7e2f22e66643,
        type: 3}
      propertyPath: m_LocalEulerAnglesHint.z
      value: 0
      objectReference: {fileID: 0}
    m_RemovedComponents: []
  m_SourcePrefab: {fileID: 100100000, guid: 652f1cb5f8a9ab1468de7e2f22e66643, type: 3}
--- !u!4 &1188792357476391176 stripped
Transform:
  m_CorrespondingSourceObject: {fileID: 5629705371724034901, guid: 652f1cb5f8a9ab1468de7e2f22e66643,
    type: 3}
  m_PrefabInstance: {fileID: 6800377629295536733}
  m_PrefabAsset: {fileID: 0}
--- !u!1001 &6800377630037584253
PrefabInstance:
  m_ObjectHideFlags: 0
  serializedVersion: 2
  m_Modification:
    m_TransformParent: {fileID: 6800377629574222309}
    m_Modifications:
    - target: {fileID: 5629705371724034896, guid: 652f1cb5f8a9ab1468de7e2f22e66643,
        type: 3}
      propertyPath: m_Materials.Array.data[0]
      value: 
      objectReference: {fileID: 0}
    - target: {fileID: 5629705371724034896, guid: 652f1cb5f8a9ab1468de7e2f22e66643,
        type: 3}
      propertyPath: m_Enabled
      value: 1
      objectReference: {fileID: 0}
    - target: {fileID: 5629705371724034897, guid: 652f1cb5f8a9ab1468de7e2f22e66643,
        type: 3}
      propertyPath: m_PropertySheet.m_Gradient.m_Array.Array.data[1].m_Value.key0.r
      value: 0.012265528
      objectReference: {fileID: 0}
    - target: {fileID: 5629705371724034897, guid: 652f1cb5f8a9ab1468de7e2f22e66643,
        type: 3}
      propertyPath: m_PropertySheet.m_Gradient.m_Array.Array.data[1].m_Value.key0.g
      value: 2.6002855
      objectReference: {fileID: 0}
    - target: {fileID: 5629705371724034897, guid: 652f1cb5f8a9ab1468de7e2f22e66643,
        type: 3}
      propertyPath: m_PropertySheet.m_Gradient.m_Array.Array.data[1].m_Value.key0.b
      value: 1.9458219
      objectReference: {fileID: 0}
    - target: {fileID: 5629705371724034897, guid: 652f1cb5f8a9ab1468de7e2f22e66643,
        type: 3}
      propertyPath: m_PropertySheet.m_Gradient.m_Array.Array.data[1].m_Value.key1.r
      value: 2.420242
      objectReference: {fileID: 0}
    - target: {fileID: 5629705371724034897, guid: 652f1cb5f8a9ab1468de7e2f22e66643,
        type: 3}
      propertyPath: m_PropertySheet.m_Gradient.m_Array.Array.data[1].m_Value.key1.g
      value: 0
      objectReference: {fileID: 0}
    - target: {fileID: 5629705371724034897, guid: 652f1cb5f8a9ab1468de7e2f22e66643,
        type: 3}
      propertyPath: m_PropertySheet.m_Gradient.m_Array.Array.data[1].m_Value.key1.b
      value: 3.9999995
      objectReference: {fileID: 0}
    - target: {fileID: 5629705371724034897, guid: 652f1cb5f8a9ab1468de7e2f22e66643,
        type: 3}
      propertyPath: m_PropertySheet.m_Gradient.m_Array.Array.data[2].m_Value.key0.r
      value: 2.420242
      objectReference: {fileID: 0}
    - target: {fileID: 5629705371724034897, guid: 652f1cb5f8a9ab1468de7e2f22e66643,
        type: 3}
      propertyPath: m_PropertySheet.m_Gradient.m_Array.Array.data[2].m_Value.key0.g
      value: 0
      objectReference: {fileID: 0}
    - target: {fileID: 5629705371724034897, guid: 652f1cb5f8a9ab1468de7e2f22e66643,
        type: 3}
      propertyPath: m_PropertySheet.m_Gradient.m_Array.Array.data[2].m_Value.key0.b
      value: 3.9999995
      objectReference: {fileID: 0}
    - target: {fileID: 5629705371724034897, guid: 652f1cb5f8a9ab1468de7e2f22e66643,
        type: 3}
      propertyPath: m_PropertySheet.m_Gradient.m_Array.Array.data[2].m_Value.key1.r
      value: 0.012265528
      objectReference: {fileID: 0}
    - target: {fileID: 5629705371724034897, guid: 652f1cb5f8a9ab1468de7e2f22e66643,
        type: 3}
      propertyPath: m_PropertySheet.m_Gradient.m_Array.Array.data[2].m_Value.key1.g
      value: 2.6002855
      objectReference: {fileID: 0}
    - target: {fileID: 5629705371724034897, guid: 652f1cb5f8a9ab1468de7e2f22e66643,
        type: 3}
      propertyPath: m_PropertySheet.m_Gradient.m_Array.Array.data[2].m_Value.key1.b
      value: 1.9458219
      objectReference: {fileID: 0}
    - target: {fileID: 5629705371724034897, guid: 652f1cb5f8a9ab1468de7e2f22e66643,
        type: 3}
      propertyPath: m_PropertySheet.m_Gradient.m_Array.Array.data[2].m_Value.ctime0
      value: 32178
      objectReference: {fileID: 0}
    - target: {fileID: 5629705371724034897, guid: 652f1cb5f8a9ab1468de7e2f22e66643,
        type: 3}
      propertyPath: m_PropertySheet.m_Gradient.m_Array.Array.data[2].m_Value.ctime1
      value: 65342
      objectReference: {fileID: 0}
    - target: {fileID: 5629705371724034900, guid: 652f1cb5f8a9ab1468de7e2f22e66643,
        type: 3}
      propertyPath: m_Name
      value: VFXLED (14)
      objectReference: {fileID: 0}
    - target: {fileID: 5629705371724034901, guid: 652f1cb5f8a9ab1468de7e2f22e66643,
        type: 3}
      propertyPath: m_LocalPosition.x
      value: 7.2599945
      objectReference: {fileID: 0}
    - target: {fileID: 5629705371724034901, guid: 652f1cb5f8a9ab1468de7e2f22e66643,
        type: 3}
      propertyPath: m_LocalPosition.y
      value: -0.02999878
      objectReference: {fileID: 0}
    - target: {fileID: 5629705371724034901, guid: 652f1cb5f8a9ab1468de7e2f22e66643,
        type: 3}
      propertyPath: m_LocalPosition.z
      value: 0
      objectReference: {fileID: 0}
    - target: {fileID: 5629705371724034901, guid: 652f1cb5f8a9ab1468de7e2f22e66643,
        type: 3}
      propertyPath: m_LocalRotation.x
      value: -0
      objectReference: {fileID: 0}
    - target: {fileID: 5629705371724034901, guid: 652f1cb5f8a9ab1468de7e2f22e66643,
        type: 3}
      propertyPath: m_LocalRotation.y
      value: -0
      objectReference: {fileID: 0}
    - target: {fileID: 5629705371724034901, guid: 652f1cb5f8a9ab1468de7e2f22e66643,
        type: 3}
      propertyPath: m_LocalRotation.z
      value: -0
      objectReference: {fileID: 0}
    - target: {fileID: 5629705371724034901, guid: 652f1cb5f8a9ab1468de7e2f22e66643,
        type: 3}
      propertyPath: m_LocalRotation.w
      value: 1
      objectReference: {fileID: 0}
    - target: {fileID: 5629705371724034901, guid: 652f1cb5f8a9ab1468de7e2f22e66643,
        type: 3}
      propertyPath: m_RootOrder
      value: 5
      objectReference: {fileID: 0}
    - target: {fileID: 5629705371724034901, guid: 652f1cb5f8a9ab1468de7e2f22e66643,
        type: 3}
      propertyPath: m_LocalEulerAnglesHint.x
      value: 0
      objectReference: {fileID: 0}
    - target: {fileID: 5629705371724034901, guid: 652f1cb5f8a9ab1468de7e2f22e66643,
        type: 3}
      propertyPath: m_LocalEulerAnglesHint.y
      value: 0
      objectReference: {fileID: 0}
    - target: {fileID: 5629705371724034901, guid: 652f1cb5f8a9ab1468de7e2f22e66643,
        type: 3}
      propertyPath: m_LocalEulerAnglesHint.z
      value: 0
      objectReference: {fileID: 0}
    m_RemovedComponents: []
  m_SourcePrefab: {fileID: 100100000, guid: 652f1cb5f8a9ab1468de7e2f22e66643, type: 3}
--- !u!4 &1188792358353705512 stripped
Transform:
  m_CorrespondingSourceObject: {fileID: 5629705371724034901, guid: 652f1cb5f8a9ab1468de7e2f22e66643,
    type: 3}
  m_PrefabInstance: {fileID: 6800377630037584253}
  m_PrefabAsset: {fileID: 0}
--- !u!1001 &6800377630725089615
PrefabInstance:
  m_ObjectHideFlags: 0
  serializedVersion: 2
  m_Modification:
    m_TransformParent: {fileID: 6800377629574222309}
    m_Modifications:
    - target: {fileID: 5629705371724034896, guid: 3bed260b7e81d4d4dbc813e10d0044b1,
        type: 3}
      propertyPath: m_Materials.Array.data[0]
      value: 
      objectReference: {fileID: 0}
    - target: {fileID: 5629705371724034896, guid: 3bed260b7e81d4d4dbc813e10d0044b1,
        type: 3}
      propertyPath: m_Enabled
      value: 1
      objectReference: {fileID: 0}
    - target: {fileID: 5629705371724034897, guid: 3bed260b7e81d4d4dbc813e10d0044b1,
        type: 3}
      propertyPath: m_PropertySheet.m_Gradient.m_Array.Array.data[1].m_Value.key0.r
      value: 2.420242
      objectReference: {fileID: 0}
    - target: {fileID: 5629705371724034897, guid: 3bed260b7e81d4d4dbc813e10d0044b1,
        type: 3}
      propertyPath: m_PropertySheet.m_Gradient.m_Array.Array.data[1].m_Value.key0.g
      value: 0
      objectReference: {fileID: 0}
    - target: {fileID: 5629705371724034897, guid: 3bed260b7e81d4d4dbc813e10d0044b1,
        type: 3}
      propertyPath: m_PropertySheet.m_Gradient.m_Array.Array.data[1].m_Value.key0.b
      value: 3.9999995
      objectReference: {fileID: 0}
    - target: {fileID: 5629705371724034897, guid: 3bed260b7e81d4d4dbc813e10d0044b1,
        type: 3}
      propertyPath: m_PropertySheet.m_Gradient.m_Array.Array.data[1].m_Value.key1.r
      value: 0.012265528
      objectReference: {fileID: 0}
    - target: {fileID: 5629705371724034897, guid: 3bed260b7e81d4d4dbc813e10d0044b1,
        type: 3}
      propertyPath: m_PropertySheet.m_Gradient.m_Array.Array.data[1].m_Value.key1.g
      value: 2.6002855
      objectReference: {fileID: 0}
    - target: {fileID: 5629705371724034897, guid: 3bed260b7e81d4d4dbc813e10d0044b1,
        type: 3}
      propertyPath: m_PropertySheet.m_Gradient.m_Array.Array.data[1].m_Value.key1.b
      value: 1.9458219
      objectReference: {fileID: 0}
    - target: {fileID: 5629705371724034897, guid: 3bed260b7e81d4d4dbc813e10d0044b1,
        type: 3}
      propertyPath: m_PropertySheet.m_Gradient.m_Array.Array.data[1].m_Value.ctime0
      value: 32178
      objectReference: {fileID: 0}
    - target: {fileID: 5629705371724034897, guid: 3bed260b7e81d4d4dbc813e10d0044b1,
        type: 3}
      propertyPath: m_PropertySheet.m_Gradient.m_Array.Array.data[1].m_Value.ctime1
      value: 65342
      objectReference: {fileID: 0}
    - target: {fileID: 5629705371724034897, guid: 3bed260b7e81d4d4dbc813e10d0044b1,
        type: 3}
      propertyPath: m_PropertySheet.m_Gradient.m_Array.Array.data[2].m_Value.key0.r
      value: 0.012265528
      objectReference: {fileID: 0}
    - target: {fileID: 5629705371724034897, guid: 3bed260b7e81d4d4dbc813e10d0044b1,
        type: 3}
      propertyPath: m_PropertySheet.m_Gradient.m_Array.Array.data[2].m_Value.key0.g
      value: 2.6002855
      objectReference: {fileID: 0}
    - target: {fileID: 5629705371724034897, guid: 3bed260b7e81d4d4dbc813e10d0044b1,
        type: 3}
      propertyPath: m_PropertySheet.m_Gradient.m_Array.Array.data[2].m_Value.key0.b
      value: 1.9458219
      objectReference: {fileID: 0}
    - target: {fileID: 5629705371724034897, guid: 3bed260b7e81d4d4dbc813e10d0044b1,
        type: 3}
      propertyPath: m_PropertySheet.m_Gradient.m_Array.Array.data[2].m_Value.key1.r
      value: 2.420242
      objectReference: {fileID: 0}
    - target: {fileID: 5629705371724034897, guid: 3bed260b7e81d4d4dbc813e10d0044b1,
        type: 3}
      propertyPath: m_PropertySheet.m_Gradient.m_Array.Array.data[2].m_Value.key1.g
      value: 0
      objectReference: {fileID: 0}
    - target: {fileID: 5629705371724034897, guid: 3bed260b7e81d4d4dbc813e10d0044b1,
        type: 3}
      propertyPath: m_PropertySheet.m_Gradient.m_Array.Array.data[2].m_Value.key1.b
      value: 3.9999995
      objectReference: {fileID: 0}
    - target: {fileID: 5629705371724034900, guid: 3bed260b7e81d4d4dbc813e10d0044b1,
        type: 3}
      propertyPath: m_Name
      value: VFXLED 1 (11)
      objectReference: {fileID: 0}
    - target: {fileID: 5629705371724034901, guid: 3bed260b7e81d4d4dbc813e10d0044b1,
        type: 3}
      propertyPath: m_LocalPosition.x
      value: 3.6900024
      objectReference: {fileID: 0}
    - target: {fileID: 5629705371724034901, guid: 3bed260b7e81d4d4dbc813e10d0044b1,
        type: 3}
      propertyPath: m_LocalPosition.y
      value: -0.6799927
      objectReference: {fileID: 0}
    - target: {fileID: 5629705371724034901, guid: 3bed260b7e81d4d4dbc813e10d0044b1,
        type: 3}
      propertyPath: m_LocalPosition.z
      value: 0
      objectReference: {fileID: 0}
    - target: {fileID: 5629705371724034901, guid: 3bed260b7e81d4d4dbc813e10d0044b1,
        type: 3}
      propertyPath: m_LocalRotation.x
      value: -0
      objectReference: {fileID: 0}
    - target: {fileID: 5629705371724034901, guid: 3bed260b7e81d4d4dbc813e10d0044b1,
        type: 3}
      propertyPath: m_LocalRotation.y
      value: -0
      objectReference: {fileID: 0}
    - target: {fileID: 5629705371724034901, guid: 3bed260b7e81d4d4dbc813e10d0044b1,
        type: 3}
      propertyPath: m_LocalRotation.z
      value: -0
      objectReference: {fileID: 0}
    - target: {fileID: 5629705371724034901, guid: 3bed260b7e81d4d4dbc813e10d0044b1,
        type: 3}
      propertyPath: m_LocalRotation.w
      value: 1
      objectReference: {fileID: 0}
    - target: {fileID: 5629705371724034901, guid: 3bed260b7e81d4d4dbc813e10d0044b1,
        type: 3}
      propertyPath: m_RootOrder
      value: 4
      objectReference: {fileID: 0}
    - target: {fileID: 5629705371724034901, guid: 3bed260b7e81d4d4dbc813e10d0044b1,
        type: 3}
      propertyPath: m_LocalEulerAnglesHint.x
      value: 0
      objectReference: {fileID: 0}
    - target: {fileID: 5629705371724034901, guid: 3bed260b7e81d4d4dbc813e10d0044b1,
        type: 3}
      propertyPath: m_LocalEulerAnglesHint.y
      value: 0
      objectReference: {fileID: 0}
    - target: {fileID: 5629705371724034901, guid: 3bed260b7e81d4d4dbc813e10d0044b1,
        type: 3}
      propertyPath: m_LocalEulerAnglesHint.z
      value: 0
      objectReference: {fileID: 0}
    m_RemovedComponents: []
  m_SourcePrefab: {fileID: 100100000, guid: 3bed260b7e81d4d4dbc813e10d0044b1, type: 3}
--- !u!4 &1188792356860172826 stripped
Transform:
  m_CorrespondingSourceObject: {fileID: 5629705371724034901, guid: 3bed260b7e81d4d4dbc813e10d0044b1,
    type: 3}
  m_PrefabInstance: {fileID: 6800377630725089615}
  m_PrefabAsset: {fileID: 0}
--- !u!1001 &6800377630761041710
PrefabInstance:
  m_ObjectHideFlags: 0
  serializedVersion: 2
  m_Modification:
    m_TransformParent: {fileID: 6800377629574222309}
    m_Modifications:
    - target: {fileID: 5629705371724034896, guid: 652f1cb5f8a9ab1468de7e2f22e66643,
        type: 3}
      propertyPath: m_Materials.Array.data[0]
      value: 
      objectReference: {fileID: 0}
    - target: {fileID: 5629705371724034896, guid: 652f1cb5f8a9ab1468de7e2f22e66643,
        type: 3}
      propertyPath: m_Enabled
      value: 1
      objectReference: {fileID: 0}
    - target: {fileID: 5629705371724034897, guid: 652f1cb5f8a9ab1468de7e2f22e66643,
        type: 3}
      propertyPath: m_PropertySheet.m_Gradient.m_Array.Array.data[1].m_Value.key0.r
      value: 0.012265528
      objectReference: {fileID: 0}
    - target: {fileID: 5629705371724034897, guid: 652f1cb5f8a9ab1468de7e2f22e66643,
        type: 3}
      propertyPath: m_PropertySheet.m_Gradient.m_Array.Array.data[1].m_Value.key0.g
      value: 2.6002855
      objectReference: {fileID: 0}
    - target: {fileID: 5629705371724034897, guid: 652f1cb5f8a9ab1468de7e2f22e66643,
        type: 3}
      propertyPath: m_PropertySheet.m_Gradient.m_Array.Array.data[1].m_Value.key0.b
      value: 1.9458219
      objectReference: {fileID: 0}
    - target: {fileID: 5629705371724034897, guid: 652f1cb5f8a9ab1468de7e2f22e66643,
        type: 3}
      propertyPath: m_PropertySheet.m_Gradient.m_Array.Array.data[1].m_Value.key1.r
      value: 2.420242
      objectReference: {fileID: 0}
    - target: {fileID: 5629705371724034897, guid: 652f1cb5f8a9ab1468de7e2f22e66643,
        type: 3}
      propertyPath: m_PropertySheet.m_Gradient.m_Array.Array.data[1].m_Value.key1.g
      value: 0
      objectReference: {fileID: 0}
    - target: {fileID: 5629705371724034897, guid: 652f1cb5f8a9ab1468de7e2f22e66643,
        type: 3}
      propertyPath: m_PropertySheet.m_Gradient.m_Array.Array.data[1].m_Value.key1.b
      value: 3.9999995
      objectReference: {fileID: 0}
    - target: {fileID: 5629705371724034897, guid: 652f1cb5f8a9ab1468de7e2f22e66643,
        type: 3}
      propertyPath: m_PropertySheet.m_Gradient.m_Array.Array.data[2].m_Value.key0.r
      value: 2.420242
      objectReference: {fileID: 0}
    - target: {fileID: 5629705371724034897, guid: 652f1cb5f8a9ab1468de7e2f22e66643,
        type: 3}
      propertyPath: m_PropertySheet.m_Gradient.m_Array.Array.data[2].m_Value.key0.g
      value: 0
      objectReference: {fileID: 0}
    - target: {fileID: 5629705371724034897, guid: 652f1cb5f8a9ab1468de7e2f22e66643,
        type: 3}
      propertyPath: m_PropertySheet.m_Gradient.m_Array.Array.data[2].m_Value.key0.b
      value: 3.9999995
      objectReference: {fileID: 0}
    - target: {fileID: 5629705371724034897, guid: 652f1cb5f8a9ab1468de7e2f22e66643,
        type: 3}
      propertyPath: m_PropertySheet.m_Gradient.m_Array.Array.data[2].m_Value.key1.r
      value: 0.012265528
      objectReference: {fileID: 0}
    - target: {fileID: 5629705371724034897, guid: 652f1cb5f8a9ab1468de7e2f22e66643,
        type: 3}
      propertyPath: m_PropertySheet.m_Gradient.m_Array.Array.data[2].m_Value.key1.g
      value: 2.6002855
      objectReference: {fileID: 0}
    - target: {fileID: 5629705371724034897, guid: 652f1cb5f8a9ab1468de7e2f22e66643,
        type: 3}
      propertyPath: m_PropertySheet.m_Gradient.m_Array.Array.data[2].m_Value.key1.b
      value: 1.9458219
      objectReference: {fileID: 0}
    - target: {fileID: 5629705371724034897, guid: 652f1cb5f8a9ab1468de7e2f22e66643,
        type: 3}
      propertyPath: m_PropertySheet.m_Gradient.m_Array.Array.data[2].m_Value.ctime0
      value: 32178
      objectReference: {fileID: 0}
    - target: {fileID: 5629705371724034897, guid: 652f1cb5f8a9ab1468de7e2f22e66643,
        type: 3}
      propertyPath: m_PropertySheet.m_Gradient.m_Array.Array.data[2].m_Value.ctime1
      value: 65342
      objectReference: {fileID: 0}
    - target: {fileID: 5629705371724034900, guid: 652f1cb5f8a9ab1468de7e2f22e66643,
        type: 3}
      propertyPath: m_Name
      value: VFXLED (13)
      objectReference: {fileID: 0}
    - target: {fileID: 5629705371724034901, guid: 652f1cb5f8a9ab1468de7e2f22e66643,
        type: 3}
      propertyPath: m_LocalPosition.x
      value: 0.41000366
      objectReference: {fileID: 0}
    - target: {fileID: 5629705371724034901, guid: 652f1cb5f8a9ab1468de7e2f22e66643,
        type: 3}
      propertyPath: m_LocalPosition.y
      value: -0.95999146
      objectReference: {fileID: 0}
    - target: {fileID: 5629705371724034901, guid: 652f1cb5f8a9ab1468de7e2f22e66643,
        type: 3}
      propertyPath: m_LocalPosition.z
      value: 0
      objectReference: {fileID: 0}
    - target: {fileID: 5629705371724034901, guid: 652f1cb5f8a9ab1468de7e2f22e66643,
        type: 3}
      propertyPath: m_LocalRotation.x
      value: -0
      objectReference: {fileID: 0}
    - target: {fileID: 5629705371724034901, guid: 652f1cb5f8a9ab1468de7e2f22e66643,
        type: 3}
      propertyPath: m_LocalRotation.y
      value: -0
      objectReference: {fileID: 0}
    - target: {fileID: 5629705371724034901, guid: 652f1cb5f8a9ab1468de7e2f22e66643,
        type: 3}
      propertyPath: m_LocalRotation.z
      value: -0
      objectReference: {fileID: 0}
    - target: {fileID: 5629705371724034901, guid: 652f1cb5f8a9ab1468de7e2f22e66643,
        type: 3}
      propertyPath: m_LocalRotation.w
      value: 1
      objectReference: {fileID: 0}
    - target: {fileID: 5629705371724034901, guid: 652f1cb5f8a9ab1468de7e2f22e66643,
        type: 3}
      propertyPath: m_RootOrder
      value: 3
      objectReference: {fileID: 0}
    - target: {fileID: 5629705371724034901, guid: 652f1cb5f8a9ab1468de7e2f22e66643,
        type: 3}
      propertyPath: m_LocalEulerAnglesHint.x
      value: 0
      objectReference: {fileID: 0}
    - target: {fileID: 5629705371724034901, guid: 652f1cb5f8a9ab1468de7e2f22e66643,
        type: 3}
      propertyPath: m_LocalEulerAnglesHint.y
      value: 0
      objectReference: {fileID: 0}
    - target: {fileID: 5629705371724034901, guid: 652f1cb5f8a9ab1468de7e2f22e66643,
        type: 3}
      propertyPath: m_LocalEulerAnglesHint.z
      value: 0
      objectReference: {fileID: 0}
    m_RemovedComponents: []
  m_SourcePrefab: {fileID: 100100000, guid: 652f1cb5f8a9ab1468de7e2f22e66643, type: 3}
--- !u!4 &1188792356816424059 stripped
Transform:
  m_CorrespondingSourceObject: {fileID: 5629705371724034901, guid: 652f1cb5f8a9ab1468de7e2f22e66643,
    type: 3}
  m_PrefabInstance: {fileID: 6800377630761041710}
  m_PrefabAsset: {fileID: 0}
--- !u!1001 &6800377630905926575
PrefabInstance:
  m_ObjectHideFlags: 0
  serializedVersion: 2
  m_Modification:
    m_TransformParent: {fileID: 6800377629574222309}
    m_Modifications:
    - target: {fileID: 5629705371724034896, guid: 3bed260b7e81d4d4dbc813e10d0044b1,
        type: 3}
      propertyPath: m_Materials.Array.data[0]
      value: 
      objectReference: {fileID: 0}
    - target: {fileID: 5629705371724034896, guid: 3bed260b7e81d4d4dbc813e10d0044b1,
        type: 3}
      propertyPath: m_Enabled
      value: 1
      objectReference: {fileID: 0}
    - target: {fileID: 5629705371724034897, guid: 3bed260b7e81d4d4dbc813e10d0044b1,
        type: 3}
      propertyPath: m_PropertySheet.m_Gradient.m_Array.Array.data[1].m_Value.key0.r
      value: 2.420242
      objectReference: {fileID: 0}
    - target: {fileID: 5629705371724034897, guid: 3bed260b7e81d4d4dbc813e10d0044b1,
        type: 3}
      propertyPath: m_PropertySheet.m_Gradient.m_Array.Array.data[1].m_Value.key0.g
      value: 0
      objectReference: {fileID: 0}
    - target: {fileID: 5629705371724034897, guid: 3bed260b7e81d4d4dbc813e10d0044b1,
        type: 3}
      propertyPath: m_PropertySheet.m_Gradient.m_Array.Array.data[1].m_Value.key0.b
      value: 3.9999995
      objectReference: {fileID: 0}
    - target: {fileID: 5629705371724034897, guid: 3bed260b7e81d4d4dbc813e10d0044b1,
        type: 3}
      propertyPath: m_PropertySheet.m_Gradient.m_Array.Array.data[1].m_Value.key1.r
      value: 0.012265528
      objectReference: {fileID: 0}
    - target: {fileID: 5629705371724034897, guid: 3bed260b7e81d4d4dbc813e10d0044b1,
        type: 3}
      propertyPath: m_PropertySheet.m_Gradient.m_Array.Array.data[1].m_Value.key1.g
      value: 2.6002855
      objectReference: {fileID: 0}
    - target: {fileID: 5629705371724034897, guid: 3bed260b7e81d4d4dbc813e10d0044b1,
        type: 3}
      propertyPath: m_PropertySheet.m_Gradient.m_Array.Array.data[1].m_Value.key1.b
      value: 1.9458219
      objectReference: {fileID: 0}
    - target: {fileID: 5629705371724034897, guid: 3bed260b7e81d4d4dbc813e10d0044b1,
        type: 3}
      propertyPath: m_PropertySheet.m_Gradient.m_Array.Array.data[1].m_Value.ctime0
      value: 32178
      objectReference: {fileID: 0}
    - target: {fileID: 5629705371724034897, guid: 3bed260b7e81d4d4dbc813e10d0044b1,
        type: 3}
      propertyPath: m_PropertySheet.m_Gradient.m_Array.Array.data[1].m_Value.ctime1
      value: 65342
      objectReference: {fileID: 0}
    - target: {fileID: 5629705371724034897, guid: 3bed260b7e81d4d4dbc813e10d0044b1,
        type: 3}
      propertyPath: m_PropertySheet.m_Gradient.m_Array.Array.data[2].m_Value.key0.r
      value: 0.012265528
      objectReference: {fileID: 0}
    - target: {fileID: 5629705371724034897, guid: 3bed260b7e81d4d4dbc813e10d0044b1,
        type: 3}
      propertyPath: m_PropertySheet.m_Gradient.m_Array.Array.data[2].m_Value.key0.g
      value: 2.6002855
      objectReference: {fileID: 0}
    - target: {fileID: 5629705371724034897, guid: 3bed260b7e81d4d4dbc813e10d0044b1,
        type: 3}
      propertyPath: m_PropertySheet.m_Gradient.m_Array.Array.data[2].m_Value.key0.b
      value: 1.9458219
      objectReference: {fileID: 0}
    - target: {fileID: 5629705371724034897, guid: 3bed260b7e81d4d4dbc813e10d0044b1,
        type: 3}
      propertyPath: m_PropertySheet.m_Gradient.m_Array.Array.data[2].m_Value.key1.r
      value: 2.420242
      objectReference: {fileID: 0}
    - target: {fileID: 5629705371724034897, guid: 3bed260b7e81d4d4dbc813e10d0044b1,
        type: 3}
      propertyPath: m_PropertySheet.m_Gradient.m_Array.Array.data[2].m_Value.key1.g
      value: 0
      objectReference: {fileID: 0}
    - target: {fileID: 5629705371724034897, guid: 3bed260b7e81d4d4dbc813e10d0044b1,
        type: 3}
      propertyPath: m_PropertySheet.m_Gradient.m_Array.Array.data[2].m_Value.key1.b
      value: 3.9999995
      objectReference: {fileID: 0}
    - target: {fileID: 5629705371724034900, guid: 3bed260b7e81d4d4dbc813e10d0044b1,
        type: 3}
      propertyPath: m_Name
      value: VFXLED 1 (10)
      objectReference: {fileID: 0}
    - target: {fileID: 5629705371724034901, guid: 3bed260b7e81d4d4dbc813e10d0044b1,
        type: 3}
      propertyPath: m_LocalPosition.x
      value: -3.119995
      objectReference: {fileID: 0}
    - target: {fileID: 5629705371724034901, guid: 3bed260b7e81d4d4dbc813e10d0044b1,
        type: 3}
      propertyPath: m_LocalPosition.y
      value: -0.75
      objectReference: {fileID: 0}
    - target: {fileID: 5629705371724034901, guid: 3bed260b7e81d4d4dbc813e10d0044b1,
        type: 3}
      propertyPath: m_LocalPosition.z
      value: 0
      objectReference: {fileID: 0}
    - target: {fileID: 5629705371724034901, guid: 3bed260b7e81d4d4dbc813e10d0044b1,
        type: 3}
      propertyPath: m_LocalRotation.x
      value: -0
      objectReference: {fileID: 0}
    - target: {fileID: 5629705371724034901, guid: 3bed260b7e81d4d4dbc813e10d0044b1,
        type: 3}
      propertyPath: m_LocalRotation.y
      value: -0
      objectReference: {fileID: 0}
    - target: {fileID: 5629705371724034901, guid: 3bed260b7e81d4d4dbc813e10d0044b1,
        type: 3}
      propertyPath: m_LocalRotation.z
      value: -0
      objectReference: {fileID: 0}
    - target: {fileID: 5629705371724034901, guid: 3bed260b7e81d4d4dbc813e10d0044b1,
        type: 3}
      propertyPath: m_LocalRotation.w
      value: 1
      objectReference: {fileID: 0}
    - target: {fileID: 5629705371724034901, guid: 3bed260b7e81d4d4dbc813e10d0044b1,
        type: 3}
      propertyPath: m_RootOrder
      value: 2
      objectReference: {fileID: 0}
    - target: {fileID: 5629705371724034901, guid: 3bed260b7e81d4d4dbc813e10d0044b1,
        type: 3}
      propertyPath: m_LocalEulerAnglesHint.x
      value: 0
      objectReference: {fileID: 0}
    - target: {fileID: 5629705371724034901, guid: 3bed260b7e81d4d4dbc813e10d0044b1,
        type: 3}
      propertyPath: m_LocalEulerAnglesHint.y
      value: 0
      objectReference: {fileID: 0}
    - target: {fileID: 5629705371724034901, guid: 3bed260b7e81d4d4dbc813e10d0044b1,
        type: 3}
      propertyPath: m_LocalEulerAnglesHint.z
      value: 0
      objectReference: {fileID: 0}
    m_RemovedComponents: []
  m_SourcePrefab: {fileID: 100100000, guid: 3bed260b7e81d4d4dbc813e10d0044b1, type: 3}
--- !u!4 &1188792356939313402 stripped
Transform:
  m_CorrespondingSourceObject: {fileID: 5629705371724034901, guid: 3bed260b7e81d4d4dbc813e10d0044b1,
    type: 3}
  m_PrefabInstance: {fileID: 6800377630905926575}
  m_PrefabAsset: {fileID: 0}
