%YAML 1.1
%TAG !u! tag:unity3d.com,2011:
--- !u!1 &148066988190507825
GameObject:
  m_ObjectHideFlags: 0
  m_CorrespondingSourceObject: {fileID: 0}
  m_PrefabInstance: {fileID: 0}
  m_PrefabAsset: {fileID: 0}
  serializedVersion: 6
  m_Component:
  - component: {fileID: 148066988190507826}
  m_Layer: 0
  m_Name: GuirlandeMoyenne3
  m_TagString: Untagged
  m_Icon: {fileID: 0}
  m_NavMeshLayer: 0
  m_StaticEditorFlags: 0
  m_IsActive: 1
--- !u!4 &148066988190507826
Transform:
  m_ObjectHideFlags: 0
  m_CorrespondingSourceObject: {fileID: 0}
  m_PrefabInstance: {fileID: 0}
  m_PrefabAsset: {fileID: 0}
  m_GameObject: {fileID: 148066988190507825}
  m_LocalRotation: {x: -0, y: -0, z: -0, w: 1}
  m_LocalPosition: {x: -235.53, y: -171.9, z: 481.55}
  m_LocalScale: {x: 1, y: 1, z: 1}
  m_Children:
  - {fileID: 397639863798853543}
  - {fileID: 5489519684466887605}
  - {fileID: 5489519684141833158}
  - {fileID: 5489519684229396934}
  - {fileID: 5489519682940091866}
  - {fileID: 5489519684195998391}
  - {fileID: 5489519683487489782}
  - {fileID: 5489519683182021301}
  - {fileID: 5489519682516418212}
  - {fileID: 5489519683421717172}
  m_Father: {fileID: 0}
  m_RootOrder: 0
  m_LocalEulerAnglesHint: {x: 0, y: 0, z: 0}
--- !u!1 &1067181544737846557
GameObject:
  m_ObjectHideFlags: 0
  m_CorrespondingSourceObject: {fileID: 0}
  m_PrefabInstance: {fileID: 0}
  m_PrefabAsset: {fileID: 0}
  serializedVersion: 6
  m_Component:
  - component: {fileID: 397639863798853543}
  - component: {fileID: 3615098351953698818}
  - component: {fileID: 1571650191815873736}
  m_Layer: 0
  m_Name: CableMoyen
  m_TagString: Untagged
  m_Icon: {fileID: 0}
  m_NavMeshLayer: 0
  m_StaticEditorFlags: 0
  m_IsActive: 1
--- !u!4 &397639863798853543
Transform:
  m_ObjectHideFlags: 0
  m_CorrespondingSourceObject: {fileID: 0}
  m_PrefabInstance: {fileID: 0}
  m_PrefabAsset: {fileID: 0}
  m_GameObject: {fileID: 1067181544737846557}
  m_LocalRotation: {x: -0.7071067, y: -0.000000030908616, z: 0.000000030908623, w: 0.7071068}
  m_LocalPosition: {x: -0, y: 0, z: 0}
  m_LocalScale: {x: 150, y: 150, z: 150}
  m_Children: []
  m_Father: {fileID: 148066988190507826}
  m_RootOrder: 0
  m_LocalEulerAnglesHint: {x: 0, y: 0, z: 0}
--- !u!33 &3615098351953698818
MeshFilter:
  m_ObjectHideFlags: 0
  m_CorrespondingSourceObject: {fileID: 0}
  m_PrefabInstance: {fileID: 0}
  m_PrefabAsset: {fileID: 0}
  m_GameObject: {fileID: 1067181544737846557}
  m_Mesh: {fileID: 2864484232790155953, guid: 95550f84576f2b04e9f66a3562fb76ad, type: 3}
--- !u!23 &1571650191815873736
MeshRenderer:
  m_ObjectHideFlags: 0
  m_CorrespondingSourceObject: {fileID: 0}
  m_PrefabInstance: {fileID: 0}
  m_PrefabAsset: {fileID: 0}
  m_GameObject: {fileID: 1067181544737846557}
  m_Enabled: 1
  m_CastShadows: 1
  m_ReceiveShadows: 1
  m_DynamicOccludee: 1
  m_MotionVectors: 1
  m_LightProbeUsage: 1
  m_ReflectionProbeUsage: 1
  m_RayTracingMode: 2
  m_RenderingLayerMask: 1
  m_RendererPriority: 0
  m_Materials:
  - {fileID: 2100000, guid: c114fcaeeade39046b21ff066033f9dd, type: 2}
  m_StaticBatchInfo:
    firstSubMesh: 0
    subMeshCount: 0
  m_StaticBatchRoot: {fileID: 0}
  m_ProbeAnchor: {fileID: 0}
  m_LightProbeVolumeOverride: {fileID: 0}
  m_ScaleInLightmap: 1
  m_ReceiveGI: 1
  m_PreserveUVs: 0
  m_IgnoreNormalsForChartDetection: 0
  m_ImportantGI: 0
  m_StitchLightmapSeams: 1
  m_SelectedEditorRenderState: 3
  m_MinimumChartSize: 4
  m_AutoUVMaxDistance: 0.5
  m_AutoUVMaxAngle: 89
  m_LightmapParameters: {fileID: 0}
  m_SortingLayerID: 0
  m_SortingLayer: 0
  m_SortingOrder: 0
--- !u!1001 &148066987593002403
PrefabInstance:
  m_ObjectHideFlags: 0
  serializedVersion: 2
  m_Modification:
    m_TransformParent: {fileID: 148066988190507826}
    m_Modifications:
    - target: {fileID: 5629705371724034896, guid: 3bed260b7e81d4d4dbc813e10d0044b1,
        type: 3}
      propertyPath: m_Materials.Array.data[0]
      value: 
      objectReference: {fileID: 0}
    - target: {fileID: 5629705371724034896, guid: 3bed260b7e81d4d4dbc813e10d0044b1,
        type: 3}
      propertyPath: m_Enabled
      value: 1
      objectReference: {fileID: 0}
    - target: {fileID: 5629705371724034897, guid: 3bed260b7e81d4d4dbc813e10d0044b1,
        type: 3}
      propertyPath: m_PropertySheet.m_Gradient.m_Array.Array.data[1].m_Value.key0.r
      value: 5.3403134
      objectReference: {fileID: 0}
    - target: {fileID: 5629705371724034897, guid: 3bed260b7e81d4d4dbc813e10d0044b1,
        type: 3}
      propertyPath: m_PropertySheet.m_Gradient.m_Array.Array.data[1].m_Value.key0.g
      value: 5.3403134
      objectReference: {fileID: 0}
    - target: {fileID: 5629705371724034897, guid: 3bed260b7e81d4d4dbc813e10d0044b1,
        type: 3}
      propertyPath: m_PropertySheet.m_Gradient.m_Array.Array.data[1].m_Value.key0.b
      value: 5.3403134
      objectReference: {fileID: 0}
    - target: {fileID: 5629705371724034897, guid: 3bed260b7e81d4d4dbc813e10d0044b1,
        type: 3}
      propertyPath: m_PropertySheet.m_Gradient.m_Array.Array.data[1].m_Value.key1.r
      value: 2.6002858
      objectReference: {fileID: 0}
    - target: {fileID: 5629705371724034897, guid: 3bed260b7e81d4d4dbc813e10d0044b1,
        type: 3}
      propertyPath: m_PropertySheet.m_Gradient.m_Array.Array.data[1].m_Value.key1.g
      value: 0.037961245
      objectReference: {fileID: 0}
    - target: {fileID: 5629705371724034897, guid: 3bed260b7e81d4d4dbc813e10d0044b1,
        type: 3}
      propertyPath: m_PropertySheet.m_Gradient.m_Array.Array.data[1].m_Value.key1.b
      value: 0.013614087
      objectReference: {fileID: 0}
    - target: {fileID: 5629705371724034897, guid: 3bed260b7e81d4d4dbc813e10d0044b1,
        type: 3}
      propertyPath: m_PropertySheet.m_Gradient.m_Array.Array.data[1].m_Value.ctime0
      value: 32178
      objectReference: {fileID: 0}
    - target: {fileID: 5629705371724034897, guid: 3bed260b7e81d4d4dbc813e10d0044b1,
        type: 3}
      propertyPath: m_PropertySheet.m_Gradient.m_Array.Array.data[1].m_Value.ctime1
      value: 65342
      objectReference: {fileID: 0}
    - target: {fileID: 5629705371724034897, guid: 3bed260b7e81d4d4dbc813e10d0044b1,
        type: 3}
      propertyPath: m_PropertySheet.m_Gradient.m_Array.Array.data[2].m_Value.key0.r
      value: 2.6002858
      objectReference: {fileID: 0}
    - target: {fileID: 5629705371724034897, guid: 3bed260b7e81d4d4dbc813e10d0044b1,
        type: 3}
      propertyPath: m_PropertySheet.m_Gradient.m_Array.Array.data[2].m_Value.key0.g
      value: 0.0384496
      objectReference: {fileID: 0}
    - target: {fileID: 5629705371724034897, guid: 3bed260b7e81d4d4dbc813e10d0044b1,
        type: 3}
      propertyPath: m_PropertySheet.m_Gradient.m_Array.Array.data[2].m_Value.key0.b
      value: 0.013614087
      objectReference: {fileID: 0}
    - target: {fileID: 5629705371724034897, guid: 3bed260b7e81d4d4dbc813e10d0044b1,
        type: 3}
      propertyPath: m_PropertySheet.m_Gradient.m_Array.Array.data[2].m_Value.key1.r
      value: 5.3403134
      objectReference: {fileID: 0}
    - target: {fileID: 5629705371724034897, guid: 3bed260b7e81d4d4dbc813e10d0044b1,
        type: 3}
      propertyPath: m_PropertySheet.m_Gradient.m_Array.Array.data[2].m_Value.key1.g
      value: 5.3403134
      objectReference: {fileID: 0}
    - target: {fileID: 5629705371724034897, guid: 3bed260b7e81d4d4dbc813e10d0044b1,
        type: 3}
      propertyPath: m_PropertySheet.m_Gradient.m_Array.Array.data[2].m_Value.key1.b
      value: 5.3403134
      objectReference: {fileID: 0}
    - target: {fileID: 5629705371724034900, guid: 3bed260b7e81d4d4dbc813e10d0044b1,
        type: 3}
      propertyPath: m_Name
      value: VFXLED 1 (8)
      objectReference: {fileID: 0}
    - target: {fileID: 5629705371724034901, guid: 3bed260b7e81d4d4dbc813e10d0044b1,
        type: 3}
      propertyPath: m_LocalPosition.x
      value: 3.6900024
      objectReference: {fileID: 0}
    - target: {fileID: 5629705371724034901, guid: 3bed260b7e81d4d4dbc813e10d0044b1,
        type: 3}
      propertyPath: m_LocalPosition.y
      value: -1.7100067
      objectReference: {fileID: 0}
    - target: {fileID: 5629705371724034901, guid: 3bed260b7e81d4d4dbc813e10d0044b1,
        type: 3}
      propertyPath: m_LocalPosition.z
      value: 0
      objectReference: {fileID: 0}
    - target: {fileID: 5629705371724034901, guid: 3bed260b7e81d4d4dbc813e10d0044b1,
        type: 3}
      propertyPath: m_LocalRotation.x
      value: -0
      objectReference: {fileID: 0}
    - target: {fileID: 5629705371724034901, guid: 3bed260b7e81d4d4dbc813e10d0044b1,
        type: 3}
      propertyPath: m_LocalRotation.y
      value: -0
      objectReference: {fileID: 0}
    - target: {fileID: 5629705371724034901, guid: 3bed260b7e81d4d4dbc813e10d0044b1,
        type: 3}
      propertyPath: m_LocalRotation.z
      value: -0
      objectReference: {fileID: 0}
    - target: {fileID: 5629705371724034901, guid: 3bed260b7e81d4d4dbc813e10d0044b1,
        type: 3}
      propertyPath: m_LocalRotation.w
      value: 1
      objectReference: {fileID: 0}
    - target: {fileID: 5629705371724034901, guid: 3bed260b7e81d4d4dbc813e10d0044b1,
        type: 3}
      propertyPath: m_RootOrder
      value: 6
      objectReference: {fileID: 0}
    - target: {fileID: 5629705371724034901, guid: 3bed260b7e81d4d4dbc813e10d0044b1,
        type: 3}
      propertyPath: m_LocalEulerAnglesHint.x
      value: 0
      objectReference: {fileID: 0}
    - target: {fileID: 5629705371724034901, guid: 3bed260b7e81d4d4dbc813e10d0044b1,
        type: 3}
      propertyPath: m_LocalEulerAnglesHint.y
      value: 0
      objectReference: {fileID: 0}
    - target: {fileID: 5629705371724034901, guid: 3bed260b7e81d4d4dbc813e10d0044b1,
        type: 3}
      propertyPath: m_LocalEulerAnglesHint.z
      value: 0
      objectReference: {fileID: 0}
    m_RemovedComponents: []
  m_SourcePrefab: {fileID: 100100000, guid: 3bed260b7e81d4d4dbc813e10d0044b1, type: 3}
--- !u!4 &5489519683487489782 stripped
Transform:
  m_CorrespondingSourceObject: {fileID: 5629705371724034901, guid: 3bed260b7e81d4d4dbc813e10d0044b1,
    type: 3}
  m_PrefabInstance: {fileID: 148066987593002403}
  m_PrefabAsset: {fileID: 0}
--- !u!1001 &148066988184947347
PrefabInstance:
  m_ObjectHideFlags: 0
  serializedVersion: 2
  m_Modification:
    m_TransformParent: {fileID: 148066988190507826}
    m_Modifications:
    - target: {fileID: 5629705371724034896, guid: 652f1cb5f8a9ab1468de7e2f22e66643,
        type: 3}
      propertyPath: m_Materials.Array.data[0]
      value: 
      objectReference: {fileID: 0}
    - target: {fileID: 5629705371724034896, guid: 652f1cb5f8a9ab1468de7e2f22e66643,
        type: 3}
      propertyPath: m_Enabled
      value: 1
      objectReference: {fileID: 0}
    - target: {fileID: 5629705371724034897, guid: 652f1cb5f8a9ab1468de7e2f22e66643,
        type: 3}
      propertyPath: m_PropertySheet.m_Gradient.m_Array.Array.data[1].m_Value.key0.r
      value: 2.6002858
      objectReference: {fileID: 0}
    - target: {fileID: 5629705371724034897, guid: 652f1cb5f8a9ab1468de7e2f22e66643,
        type: 3}
      propertyPath: m_PropertySheet.m_Gradient.m_Array.Array.data[1].m_Value.key0.g
      value: 0.0384496
      objectReference: {fileID: 0}
    - target: {fileID: 5629705371724034897, guid: 652f1cb5f8a9ab1468de7e2f22e66643,
        type: 3}
      propertyPath: m_PropertySheet.m_Gradient.m_Array.Array.data[1].m_Value.key0.b
      value: 0.013614087
      objectReference: {fileID: 0}
    - target: {fileID: 5629705371724034897, guid: 652f1cb5f8a9ab1468de7e2f22e66643,
        type: 3}
      propertyPath: m_PropertySheet.m_Gradient.m_Array.Array.data[1].m_Value.key1.r
      value: 5.3403134
      objectReference: {fileID: 0}
    - target: {fileID: 5629705371724034897, guid: 652f1cb5f8a9ab1468de7e2f22e66643,
        type: 3}
      propertyPath: m_PropertySheet.m_Gradient.m_Array.Array.data[1].m_Value.key1.g
      value: 5.3403134
      objectReference: {fileID: 0}
    - target: {fileID: 5629705371724034897, guid: 652f1cb5f8a9ab1468de7e2f22e66643,
        type: 3}
      propertyPath: m_PropertySheet.m_Gradient.m_Array.Array.data[1].m_Value.key1.b
      value: 5.3403134
      objectReference: {fileID: 0}
    - target: {fileID: 5629705371724034897, guid: 652f1cb5f8a9ab1468de7e2f22e66643,
        type: 3}
      propertyPath: m_PropertySheet.m_Gradient.m_Array.Array.data[2].m_Value.key0.r
      value: 5.3403134
      objectReference: {fileID: 0}
    - target: {fileID: 5629705371724034897, guid: 652f1cb5f8a9ab1468de7e2f22e66643,
        type: 3}
      propertyPath: m_PropertySheet.m_Gradient.m_Array.Array.data[2].m_Value.key0.g
      value: 5.3403134
      objectReference: {fileID: 0}
    - target: {fileID: 5629705371724034897, guid: 652f1cb5f8a9ab1468de7e2f22e66643,
        type: 3}
      propertyPath: m_PropertySheet.m_Gradient.m_Array.Array.data[2].m_Value.key0.b
      value: 5.3403134
      objectReference: {fileID: 0}
    - target: {fileID: 5629705371724034897, guid: 652f1cb5f8a9ab1468de7e2f22e66643,
        type: 3}
      propertyPath: m_PropertySheet.m_Gradient.m_Array.Array.data[2].m_Value.key1.r
      value: 2.6002858
      objectReference: {fileID: 0}
    - target: {fileID: 5629705371724034897, guid: 652f1cb5f8a9ab1468de7e2f22e66643,
        type: 3}
      propertyPath: m_PropertySheet.m_Gradient.m_Array.Array.data[2].m_Value.key1.g
      value: 0.037961245
      objectReference: {fileID: 0}
    - target: {fileID: 5629705371724034897, guid: 652f1cb5f8a9ab1468de7e2f22e66643,
        type: 3}
      propertyPath: m_PropertySheet.m_Gradient.m_Array.Array.data[2].m_Value.key1.b
      value: 0.013614087
      objectReference: {fileID: 0}
    - target: {fileID: 5629705371724034897, guid: 652f1cb5f8a9ab1468de7e2f22e66643,
        type: 3}
      propertyPath: m_PropertySheet.m_Gradient.m_Array.Array.data[2].m_Value.ctime0
      value: 32178
      objectReference: {fileID: 0}
    - target: {fileID: 5629705371724034897, guid: 652f1cb5f8a9ab1468de7e2f22e66643,
        type: 3}
      propertyPath: m_PropertySheet.m_Gradient.m_Array.Array.data[2].m_Value.ctime1
      value: 65342
      objectReference: {fileID: 0}
    - target: {fileID: 5629705371724034900, guid: 652f1cb5f8a9ab1468de7e2f22e66643,
        type: 3}
      propertyPath: m_Name
      value: VFXLED (8)
      objectReference: {fileID: 0}
    - target: {fileID: 5629705371724034901, guid: 652f1cb5f8a9ab1468de7e2f22e66643,
        type: 3}
      propertyPath: m_LocalPosition.x
      value: -6.399994
      objectReference: {fileID: 0}
    - target: {fileID: 5629705371724034901, guid: 652f1cb5f8a9ab1468de7e2f22e66643,
        type: 3}
      propertyPath: m_LocalPosition.y
      value: -1.3800049
      objectReference: {fileID: 0}
    - target: {fileID: 5629705371724034901, guid: 652f1cb5f8a9ab1468de7e2f22e66643,
        type: 3}
      propertyPath: m_LocalPosition.z
      value: 0
      objectReference: {fileID: 0}
    - target: {fileID: 5629705371724034901, guid: 652f1cb5f8a9ab1468de7e2f22e66643,
        type: 3}
      propertyPath: m_LocalRotation.x
      value: -0
      objectReference: {fileID: 0}
    - target: {fileID: 5629705371724034901, guid: 652f1cb5f8a9ab1468de7e2f22e66643,
        type: 3}
      propertyPath: m_LocalRotation.y
      value: -0
      objectReference: {fileID: 0}
    - target: {fileID: 5629705371724034901, guid: 652f1cb5f8a9ab1468de7e2f22e66643,
        type: 3}
      propertyPath: m_LocalRotation.z
      value: -0
      objectReference: {fileID: 0}
    - target: {fileID: 5629705371724034901, guid: 652f1cb5f8a9ab1468de7e2f22e66643,
        type: 3}
      propertyPath: m_LocalRotation.w
      value: 1
      objectReference: {fileID: 0}
    - target: {fileID: 5629705371724034901, guid: 652f1cb5f8a9ab1468de7e2f22e66643,
        type: 3}
      propertyPath: m_RootOrder
      value: 3
      objectReference: {fileID: 0}
    - target: {fileID: 5629705371724034901, guid: 652f1cb5f8a9ab1468de7e2f22e66643,
        type: 3}
      propertyPath: m_LocalEulerAnglesHint.x
      value: 0
      objectReference: {fileID: 0}
    - target: {fileID: 5629705371724034901, guid: 652f1cb5f8a9ab1468de7e2f22e66643,
        type: 3}
      propertyPath: m_LocalEulerAnglesHint.y
      value: 0
      objectReference: {fileID: 0}
    - target: {fileID: 5629705371724034901, guid: 652f1cb5f8a9ab1468de7e2f22e66643,
        type: 3}
      propertyPath: m_LocalEulerAnglesHint.z
      value: 0
      objectReference: {fileID: 0}
    m_RemovedComponents: []
  m_SourcePrefab: {fileID: 100100000, guid: 652f1cb5f8a9ab1468de7e2f22e66643, type: 3}
--- !u!4 &5489519684229396934 stripped
Transform:
  m_CorrespondingSourceObject: {fileID: 5629705371724034901, guid: 652f1cb5f8a9ab1468de7e2f22e66643,
    type: 3}
  m_PrefabInstance: {fileID: 148066988184947347}
  m_PrefabAsset: {fileID: 0}
--- !u!1001 &148066988218673634
PrefabInstance:
  m_ObjectHideFlags: 0
  serializedVersion: 2
  m_Modification:
    m_TransformParent: {fileID: 148066988190507826}
    m_Modifications:
    - target: {fileID: 5629705371724034896, guid: 652f1cb5f8a9ab1468de7e2f22e66643,
        type: 3}
      propertyPath: m_Materials.Array.data[0]
      value: 
      objectReference: {fileID: 0}
    - target: {fileID: 5629705371724034896, guid: 652f1cb5f8a9ab1468de7e2f22e66643,
        type: 3}
      propertyPath: m_Enabled
      value: 1
      objectReference: {fileID: 0}
    - target: {fileID: 5629705371724034897, guid: 652f1cb5f8a9ab1468de7e2f22e66643,
        type: 3}
      propertyPath: m_PropertySheet.m_Gradient.m_Array.Array.data[1].m_Value.key0.r
      value: 2.6002858
      objectReference: {fileID: 0}
    - target: {fileID: 5629705371724034897, guid: 652f1cb5f8a9ab1468de7e2f22e66643,
        type: 3}
      propertyPath: m_PropertySheet.m_Gradient.m_Array.Array.data[1].m_Value.key0.g
      value: 0.0384496
      objectReference: {fileID: 0}
    - target: {fileID: 5629705371724034897, guid: 652f1cb5f8a9ab1468de7e2f22e66643,
        type: 3}
      propertyPath: m_PropertySheet.m_Gradient.m_Array.Array.data[1].m_Value.key0.b
      value: 0.013614087
      objectReference: {fileID: 0}
    - target: {fileID: 5629705371724034897, guid: 652f1cb5f8a9ab1468de7e2f22e66643,
        type: 3}
      propertyPath: m_PropertySheet.m_Gradient.m_Array.Array.data[1].m_Value.key1.r
      value: 5.3403134
      objectReference: {fileID: 0}
    - target: {fileID: 5629705371724034897, guid: 652f1cb5f8a9ab1468de7e2f22e66643,
        type: 3}
      propertyPath: m_PropertySheet.m_Gradient.m_Array.Array.data[1].m_Value.key1.g
      value: 5.3403134
      objectReference: {fileID: 0}
    - target: {fileID: 5629705371724034897, guid: 652f1cb5f8a9ab1468de7e2f22e66643,
        type: 3}
      propertyPath: m_PropertySheet.m_Gradient.m_Array.Array.data[1].m_Value.key1.b
      value: 5.3403134
      objectReference: {fileID: 0}
    - target: {fileID: 5629705371724034897, guid: 652f1cb5f8a9ab1468de7e2f22e66643,
        type: 3}
      propertyPath: m_PropertySheet.m_Gradient.m_Array.Array.data[2].m_Value.key0.r
      value: 5.3403134
      objectReference: {fileID: 0}
    - target: {fileID: 5629705371724034897, guid: 652f1cb5f8a9ab1468de7e2f22e66643,
        type: 3}
      propertyPath: m_PropertySheet.m_Gradient.m_Array.Array.data[2].m_Value.key0.g
      value: 5.3403134
      objectReference: {fileID: 0}
    - target: {fileID: 5629705371724034897, guid: 652f1cb5f8a9ab1468de7e2f22e66643,
        type: 3}
      propertyPath: m_PropertySheet.m_Gradient.m_Array.Array.data[2].m_Value.key0.b
      value: 5.3403134
      objectReference: {fileID: 0}
    - target: {fileID: 5629705371724034897, guid: 652f1cb5f8a9ab1468de7e2f22e66643,
        type: 3}
      propertyPath: m_PropertySheet.m_Gradient.m_Array.Array.data[2].m_Value.key1.r
      value: 2.6002858
      objectReference: {fileID: 0}
    - target: {fileID: 5629705371724034897, guid: 652f1cb5f8a9ab1468de7e2f22e66643,
        type: 3}
      propertyPath: m_PropertySheet.m_Gradient.m_Array.Array.data[2].m_Value.key1.g
      value: 0.037961245
      objectReference: {fileID: 0}
    - target: {fileID: 5629705371724034897, guid: 652f1cb5f8a9ab1468de7e2f22e66643,
        type: 3}
      propertyPath: m_PropertySheet.m_Gradient.m_Array.Array.data[2].m_Value.key1.b
      value: 0.013614087
      objectReference: {fileID: 0}
    - target: {fileID: 5629705371724034897, guid: 652f1cb5f8a9ab1468de7e2f22e66643,
        type: 3}
      propertyPath: m_PropertySheet.m_Gradient.m_Array.Array.data[2].m_Value.ctime0
      value: 32178
      objectReference: {fileID: 0}
    - target: {fileID: 5629705371724034897, guid: 652f1cb5f8a9ab1468de7e2f22e66643,
        type: 3}
      propertyPath: m_PropertySheet.m_Gradient.m_Array.Array.data[2].m_Value.ctime1
      value: 65342
      objectReference: {fileID: 0}
    - target: {fileID: 5629705371724034900, guid: 652f1cb5f8a9ab1468de7e2f22e66643,
        type: 3}
      propertyPath: m_Name
      value: VFXLED (9)
      objectReference: {fileID: 0}
    - target: {fileID: 5629705371724034901, guid: 652f1cb5f8a9ab1468de7e2f22e66643,
        type: 3}
      propertyPath: m_LocalPosition.x
      value: 0.41000366
      objectReference: {fileID: 0}
    - target: {fileID: 5629705371724034901, guid: 652f1cb5f8a9ab1468de7e2f22e66643,
        type: 3}
      propertyPath: m_LocalPosition.y
      value: -1.9199982
      objectReference: {fileID: 0}
    - target: {fileID: 5629705371724034901, guid: 652f1cb5f8a9ab1468de7e2f22e66643,
        type: 3}
      propertyPath: m_LocalPosition.z
      value: 0
      objectReference: {fileID: 0}
    - target: {fileID: 5629705371724034901, guid: 652f1cb5f8a9ab1468de7e2f22e66643,
        type: 3}
      propertyPath: m_LocalRotation.x
      value: -0
      objectReference: {fileID: 0}
    - target: {fileID: 5629705371724034901, guid: 652f1cb5f8a9ab1468de7e2f22e66643,
        type: 3}
      propertyPath: m_LocalRotation.y
      value: -0
      objectReference: {fileID: 0}
    - target: {fileID: 5629705371724034901, guid: 652f1cb5f8a9ab1468de7e2f22e66643,
        type: 3}
      propertyPath: m_LocalRotation.z
      value: -0
      objectReference: {fileID: 0}
    - target: {fileID: 5629705371724034901, guid: 652f1cb5f8a9ab1468de7e2f22e66643,
        type: 3}
      propertyPath: m_LocalRotation.w
      value: 1
      objectReference: {fileID: 0}
    - target: {fileID: 5629705371724034901, guid: 652f1cb5f8a9ab1468de7e2f22e66643,
        type: 3}
      propertyPath: m_RootOrder
      value: 5
      objectReference: {fileID: 0}
    - target: {fileID: 5629705371724034901, guid: 652f1cb5f8a9ab1468de7e2f22e66643,
        type: 3}
      propertyPath: m_LocalEulerAnglesHint.x
      value: 0
      objectReference: {fileID: 0}
    - target: {fileID: 5629705371724034901, guid: 652f1cb5f8a9ab1468de7e2f22e66643,
        type: 3}
      propertyPath: m_LocalEulerAnglesHint.y
      value: 0
      objectReference: {fileID: 0}
    - target: {fileID: 5629705371724034901, guid: 652f1cb5f8a9ab1468de7e2f22e66643,
        type: 3}
      propertyPath: m_LocalEulerAnglesHint.z
      value: 0
      objectReference: {fileID: 0}
    m_RemovedComponents: []
  m_SourcePrefab: {fileID: 100100000, guid: 652f1cb5f8a9ab1468de7e2f22e66643, type: 3}
--- !u!4 &5489519684195998391 stripped
Transform:
  m_CorrespondingSourceObject: {fileID: 5629705371724034901, guid: 652f1cb5f8a9ab1468de7e2f22e66643,
    type: 3}
  m_PrefabInstance: {fileID: 148066988218673634}
  m_PrefabAsset: {fileID: 0}
--- !u!1001 &148066988280899731
PrefabInstance:
  m_ObjectHideFlags: 0
  serializedVersion: 2
  m_Modification:
    m_TransformParent: {fileID: 148066988190507826}
    m_Modifications:
    - target: {fileID: 5629705371724034896, guid: 3bed260b7e81d4d4dbc813e10d0044b1,
        type: 3}
      propertyPath: m_Materials.Array.data[0]
      value: 
      objectReference: {fileID: 0}
    - target: {fileID: 5629705371724034896, guid: 3bed260b7e81d4d4dbc813e10d0044b1,
        type: 3}
      propertyPath: m_Enabled
      value: 1
      objectReference: {fileID: 0}
    - target: {fileID: 5629705371724034897, guid: 3bed260b7e81d4d4dbc813e10d0044b1,
        type: 3}
      propertyPath: m_PropertySheet.m_Gradient.m_Array.Array.data[1].m_Value.key0.r
      value: 5.3403134
      objectReference: {fileID: 0}
    - target: {fileID: 5629705371724034897, guid: 3bed260b7e81d4d4dbc813e10d0044b1,
        type: 3}
      propertyPath: m_PropertySheet.m_Gradient.m_Array.Array.data[1].m_Value.key0.g
      value: 5.3403134
      objectReference: {fileID: 0}
    - target: {fileID: 5629705371724034897, guid: 3bed260b7e81d4d4dbc813e10d0044b1,
        type: 3}
      propertyPath: m_PropertySheet.m_Gradient.m_Array.Array.data[1].m_Value.key0.b
      value: 5.3403134
      objectReference: {fileID: 0}
    - target: {fileID: 5629705371724034897, guid: 3bed260b7e81d4d4dbc813e10d0044b1,
        type: 3}
      propertyPath: m_PropertySheet.m_Gradient.m_Array.Array.data[1].m_Value.key1.r
      value: 2.6002858
      objectReference: {fileID: 0}
    - target: {fileID: 5629705371724034897, guid: 3bed260b7e81d4d4dbc813e10d0044b1,
        type: 3}
      propertyPath: m_PropertySheet.m_Gradient.m_Array.Array.data[1].m_Value.key1.g
      value: 0.037961245
      objectReference: {fileID: 0}
    - target: {fileID: 5629705371724034897, guid: 3bed260b7e81d4d4dbc813e10d0044b1,
        type: 3}
      propertyPath: m_PropertySheet.m_Gradient.m_Array.Array.data[1].m_Value.key1.b
      value: 0.013614087
      objectReference: {fileID: 0}
    - target: {fileID: 5629705371724034897, guid: 3bed260b7e81d4d4dbc813e10d0044b1,
        type: 3}
      propertyPath: m_PropertySheet.m_Gradient.m_Array.Array.data[1].m_Value.ctime0
      value: 32178
      objectReference: {fileID: 0}
    - target: {fileID: 5629705371724034897, guid: 3bed260b7e81d4d4dbc813e10d0044b1,
        type: 3}
      propertyPath: m_PropertySheet.m_Gradient.m_Array.Array.data[1].m_Value.ctime1
      value: 65342
      objectReference: {fileID: 0}
    - target: {fileID: 5629705371724034897, guid: 3bed260b7e81d4d4dbc813e10d0044b1,
        type: 3}
      propertyPath: m_PropertySheet.m_Gradient.m_Array.Array.data[2].m_Value.key0.r
      value: 2.6002858
      objectReference: {fileID: 0}
    - target: {fileID: 5629705371724034897, guid: 3bed260b7e81d4d4dbc813e10d0044b1,
        type: 3}
      propertyPath: m_PropertySheet.m_Gradient.m_Array.Array.data[2].m_Value.key0.g
      value: 0.0384496
      objectReference: {fileID: 0}
    - target: {fileID: 5629705371724034897, guid: 3bed260b7e81d4d4dbc813e10d0044b1,
        type: 3}
      propertyPath: m_PropertySheet.m_Gradient.m_Array.Array.data[2].m_Value.key0.b
      value: 0.013614087
      objectReference: {fileID: 0}
    - target: {fileID: 5629705371724034897, guid: 3bed260b7e81d4d4dbc813e10d0044b1,
        type: 3}
      propertyPath: m_PropertySheet.m_Gradient.m_Array.Array.data[2].m_Value.key1.r
      value: 5.3403134
      objectReference: {fileID: 0}
    - target: {fileID: 5629705371724034897, guid: 3bed260b7e81d4d4dbc813e10d0044b1,
        type: 3}
      propertyPath: m_PropertySheet.m_Gradient.m_Array.Array.data[2].m_Value.key1.g
      value: 5.3403134
      objectReference: {fileID: 0}
    - target: {fileID: 5629705371724034897, guid: 3bed260b7e81d4d4dbc813e10d0044b1,
        type: 3}
      propertyPath: m_PropertySheet.m_Gradient.m_Array.Array.data[2].m_Value.key1.b
      value: 5.3403134
      objectReference: {fileID: 0}
    - target: {fileID: 5629705371724034900, guid: 3bed260b7e81d4d4dbc813e10d0044b1,
        type: 3}
      propertyPath: m_Name
      value: VFXLED 1 (6)
      objectReference: {fileID: 0}
    - target: {fileID: 5629705371724034901, guid: 3bed260b7e81d4d4dbc813e10d0044b1,
        type: 3}
      propertyPath: m_LocalPosition.x
      value: -9.919998
      objectReference: {fileID: 0}
    - target: {fileID: 5629705371724034901, guid: 3bed260b7e81d4d4dbc813e10d0044b1,
        type: 3}
      propertyPath: m_LocalPosition.y
      value: -0.8099823
      objectReference: {fileID: 0}
    - target: {fileID: 5629705371724034901, guid: 3bed260b7e81d4d4dbc813e10d0044b1,
        type: 3}
      propertyPath: m_LocalPosition.z
      value: 0
      objectReference: {fileID: 0}
    - target: {fileID: 5629705371724034901, guid: 3bed260b7e81d4d4dbc813e10d0044b1,
        type: 3}
      propertyPath: m_LocalRotation.x
      value: -0
      objectReference: {fileID: 0}
    - target: {fileID: 5629705371724034901, guid: 3bed260b7e81d4d4dbc813e10d0044b1,
        type: 3}
      propertyPath: m_LocalRotation.y
      value: -0
      objectReference: {fileID: 0}
    - target: {fileID: 5629705371724034901, guid: 3bed260b7e81d4d4dbc813e10d0044b1,
        type: 3}
      propertyPath: m_LocalRotation.z
      value: -0
      objectReference: {fileID: 0}
    - target: {fileID: 5629705371724034901, guid: 3bed260b7e81d4d4dbc813e10d0044b1,
        type: 3}
      propertyPath: m_LocalRotation.w
      value: 1
      objectReference: {fileID: 0}
    - target: {fileID: 5629705371724034901, guid: 3bed260b7e81d4d4dbc813e10d0044b1,
        type: 3}
      propertyPath: m_RootOrder
      value: 2
      objectReference: {fileID: 0}
    - target: {fileID: 5629705371724034901, guid: 3bed260b7e81d4d4dbc813e10d0044b1,
        type: 3}
      propertyPath: m_LocalEulerAnglesHint.x
      value: 0
      objectReference: {fileID: 0}
    - target: {fileID: 5629705371724034901, guid: 3bed260b7e81d4d4dbc813e10d0044b1,
        type: 3}
      propertyPath: m_LocalEulerAnglesHint.y
      value: 0
      objectReference: {fileID: 0}
    - target: {fileID: 5629705371724034901, guid: 3bed260b7e81d4d4dbc813e10d0044b1,
        type: 3}
      propertyPath: m_LocalEulerAnglesHint.z
      value: 0
      objectReference: {fileID: 0}
    m_RemovedComponents: []
  m_SourcePrefab: {fileID: 100100000, guid: 3bed260b7e81d4d4dbc813e10d0044b1, type: 3}
--- !u!4 &5489519684141833158 stripped
Transform:
  m_CorrespondingSourceObject: {fileID: 5629705371724034901, guid: 3bed260b7e81d4d4dbc813e10d0044b1,
    type: 3}
  m_PrefabInstance: {fileID: 148066988280899731}
  m_PrefabAsset: {fileID: 0}
--- !u!1001 &148066988484327648
PrefabInstance:
  m_ObjectHideFlags: 0
  serializedVersion: 2
  m_Modification:
    m_TransformParent: {fileID: 148066988190507826}
    m_Modifications:
    - target: {fileID: 5629705371724034896, guid: 652f1cb5f8a9ab1468de7e2f22e66643,
        type: 3}
      propertyPath: m_Materials.Array.data[0]
      value: 
      objectReference: {fileID: 0}
    - target: {fileID: 5629705371724034896, guid: 652f1cb5f8a9ab1468de7e2f22e66643,
        type: 3}
      propertyPath: m_Enabled
      value: 1
      objectReference: {fileID: 0}
    - target: {fileID: 5629705371724034897, guid: 652f1cb5f8a9ab1468de7e2f22e66643,
        type: 3}
      propertyPath: m_PropertySheet.m_Gradient.m_Array.Array.data[1].m_Value.key0.r
      value: 2.6002858
      objectReference: {fileID: 0}
    - target: {fileID: 5629705371724034897, guid: 652f1cb5f8a9ab1468de7e2f22e66643,
        type: 3}
      propertyPath: m_PropertySheet.m_Gradient.m_Array.Array.data[1].m_Value.key0.g
      value: 0.0384496
      objectReference: {fileID: 0}
    - target: {fileID: 5629705371724034897, guid: 652f1cb5f8a9ab1468de7e2f22e66643,
        type: 3}
      propertyPath: m_PropertySheet.m_Gradient.m_Array.Array.data[1].m_Value.key0.b
      value: 0.013614087
      objectReference: {fileID: 0}
    - target: {fileID: 5629705371724034897, guid: 652f1cb5f8a9ab1468de7e2f22e66643,
        type: 3}
      propertyPath: m_PropertySheet.m_Gradient.m_Array.Array.data[1].m_Value.key1.r
      value: 5.3403134
      objectReference: {fileID: 0}
    - target: {fileID: 5629705371724034897, guid: 652f1cb5f8a9ab1468de7e2f22e66643,
        type: 3}
      propertyPath: m_PropertySheet.m_Gradient.m_Array.Array.data[1].m_Value.key1.g
      value: 5.3403134
      objectReference: {fileID: 0}
    - target: {fileID: 5629705371724034897, guid: 652f1cb5f8a9ab1468de7e2f22e66643,
        type: 3}
      propertyPath: m_PropertySheet.m_Gradient.m_Array.Array.data[1].m_Value.key1.b
      value: 5.3403134
      objectReference: {fileID: 0}
    - target: {fileID: 5629705371724034897, guid: 652f1cb5f8a9ab1468de7e2f22e66643,
        type: 3}
      propertyPath: m_PropertySheet.m_Gradient.m_Array.Array.data[2].m_Value.key0.r
      value: 5.3403134
      objectReference: {fileID: 0}
    - target: {fileID: 5629705371724034897, guid: 652f1cb5f8a9ab1468de7e2f22e66643,
        type: 3}
      propertyPath: m_PropertySheet.m_Gradient.m_Array.Array.data[2].m_Value.key0.g
      value: 5.3403134
      objectReference: {fileID: 0}
    - target: {fileID: 5629705371724034897, guid: 652f1cb5f8a9ab1468de7e2f22e66643,
        type: 3}
      propertyPath: m_PropertySheet.m_Gradient.m_Array.Array.data[2].m_Value.key0.b
      value: 5.3403134
      objectReference: {fileID: 0}
    - target: {fileID: 5629705371724034897, guid: 652f1cb5f8a9ab1468de7e2f22e66643,
        type: 3}
      propertyPath: m_PropertySheet.m_Gradient.m_Array.Array.data[2].m_Value.key1.r
      value: 2.6002858
      objectReference: {fileID: 0}
    - target: {fileID: 5629705371724034897, guid: 652f1cb5f8a9ab1468de7e2f22e66643,
        type: 3}
      propertyPath: m_PropertySheet.m_Gradient.m_Array.Array.data[2].m_Value.key1.g
      value: 0.037961245
      objectReference: {fileID: 0}
    - target: {fileID: 5629705371724034897, guid: 652f1cb5f8a9ab1468de7e2f22e66643,
        type: 3}
      propertyPath: m_PropertySheet.m_Gradient.m_Array.Array.data[2].m_Value.key1.b
      value: 0.013614087
      objectReference: {fileID: 0}
    - target: {fileID: 5629705371724034897, guid: 652f1cb5f8a9ab1468de7e2f22e66643,
        type: 3}
      propertyPath: m_PropertySheet.m_Gradient.m_Array.Array.data[2].m_Value.ctime0
      value: 32178
      objectReference: {fileID: 0}
    - target: {fileID: 5629705371724034897, guid: 652f1cb5f8a9ab1468de7e2f22e66643,
        type: 3}
      propertyPath: m_PropertySheet.m_Gradient.m_Array.Array.data[2].m_Value.ctime1
      value: 65342
      objectReference: {fileID: 0}
    - target: {fileID: 5629705371724034900, guid: 652f1cb5f8a9ab1468de7e2f22e66643,
        type: 3}
      propertyPath: m_Name
      value: VFXLED (7)
      objectReference: {fileID: 0}
    - target: {fileID: 5629705371724034901, guid: 652f1cb5f8a9ab1468de7e2f22e66643,
        type: 3}
      propertyPath: m_LocalPosition.x
      value: -13.199997
      objectReference: {fileID: 0}
    - target: {fileID: 5629705371724034901, guid: 652f1cb5f8a9ab1468de7e2f22e66643,
        type: 3}
      propertyPath: m_LocalPosition.y
      value: -0.32998657
      objectReference: {fileID: 0}
    - target: {fileID: 5629705371724034901, guid: 652f1cb5f8a9ab1468de7e2f22e66643,
        type: 3}
      propertyPath: m_LocalPosition.z
      value: 0
      objectReference: {fileID: 0}
    - target: {fileID: 5629705371724034901, guid: 652f1cb5f8a9ab1468de7e2f22e66643,
        type: 3}
      propertyPath: m_LocalRotation.x
      value: -0
      objectReference: {fileID: 0}
    - target: {fileID: 5629705371724034901, guid: 652f1cb5f8a9ab1468de7e2f22e66643,
        type: 3}
      propertyPath: m_LocalRotation.y
      value: -0
      objectReference: {fileID: 0}
    - target: {fileID: 5629705371724034901, guid: 652f1cb5f8a9ab1468de7e2f22e66643,
        type: 3}
      propertyPath: m_LocalRotation.z
      value: -0
      objectReference: {fileID: 0}
    - target: {fileID: 5629705371724034901, guid: 652f1cb5f8a9ab1468de7e2f22e66643,
        type: 3}
      propertyPath: m_LocalRotation.w
      value: 1
      objectReference: {fileID: 0}
    - target: {fileID: 5629705371724034901, guid: 652f1cb5f8a9ab1468de7e2f22e66643,
        type: 3}
      propertyPath: m_RootOrder
      value: 1
      objectReference: {fileID: 0}
    - target: {fileID: 5629705371724034901, guid: 652f1cb5f8a9ab1468de7e2f22e66643,
        type: 3}
      propertyPath: m_LocalEulerAnglesHint.x
      value: 0
      objectReference: {fileID: 0}
    - target: {fileID: 5629705371724034901, guid: 652f1cb5f8a9ab1468de7e2f22e66643,
        type: 3}
      propertyPath: m_LocalEulerAnglesHint.y
      value: 0
      objectReference: {fileID: 0}
    - target: {fileID: 5629705371724034901, guid: 652f1cb5f8a9ab1468de7e2f22e66643,
        type: 3}
      propertyPath: m_LocalEulerAnglesHint.z
      value: 0
      objectReference: {fileID: 0}
    m_RemovedComponents: []
  m_SourcePrefab: {fileID: 100100000, guid: 652f1cb5f8a9ab1468de7e2f22e66643, type: 3}
--- !u!4 &5489519684466887605 stripped
Transform:
  m_CorrespondingSourceObject: {fileID: 5629705371724034901, guid: 652f1cb5f8a9ab1468de7e2f22e66643,
    type: 3}
  m_PrefabInstance: {fileID: 148066988484327648}
  m_PrefabAsset: {fileID: 0}
--- !u!1001 &148066988564925937
PrefabInstance:
  m_ObjectHideFlags: 0
  serializedVersion: 2
  m_Modification:
    m_TransformParent: {fileID: 148066988190507826}
    m_Modifications:
    - target: {fileID: 5629705371724034896, guid: 3bed260b7e81d4d4dbc813e10d0044b1,
        type: 3}
      propertyPath: m_Materials.Array.data[0]
      value: 
      objectReference: {fileID: 0}
    - target: {fileID: 5629705371724034896, guid: 3bed260b7e81d4d4dbc813e10d0044b1,
        type: 3}
      propertyPath: m_Enabled
      value: 1
      objectReference: {fileID: 0}
    - target: {fileID: 5629705371724034897, guid: 3bed260b7e81d4d4dbc813e10d0044b1,
        type: 3}
      propertyPath: m_PropertySheet.m_Gradient.m_Array.Array.data[1].m_Value.key0.r
      value: 5.3403134
      objectReference: {fileID: 0}
    - target: {fileID: 5629705371724034897, guid: 3bed260b7e81d4d4dbc813e10d0044b1,
        type: 3}
      propertyPath: m_PropertySheet.m_Gradient.m_Array.Array.data[1].m_Value.key0.g
      value: 5.3403134
      objectReference: {fileID: 0}
    - target: {fileID: 5629705371724034897, guid: 3bed260b7e81d4d4dbc813e10d0044b1,
        type: 3}
      propertyPath: m_PropertySheet.m_Gradient.m_Array.Array.data[1].m_Value.key0.b
      value: 5.3403134
      objectReference: {fileID: 0}
    - target: {fileID: 5629705371724034897, guid: 3bed260b7e81d4d4dbc813e10d0044b1,
        type: 3}
      propertyPath: m_PropertySheet.m_Gradient.m_Array.Array.data[1].m_Value.key1.r
      value: 2.6002858
      objectReference: {fileID: 0}
    - target: {fileID: 5629705371724034897, guid: 3bed260b7e81d4d4dbc813e10d0044b1,
        type: 3}
      propertyPath: m_PropertySheet.m_Gradient.m_Array.Array.data[1].m_Value.key1.g
      value: 0.037961245
      objectReference: {fileID: 0}
    - target: {fileID: 5629705371724034897, guid: 3bed260b7e81d4d4dbc813e10d0044b1,
        type: 3}
      propertyPath: m_PropertySheet.m_Gradient.m_Array.Array.data[1].m_Value.key1.b
      value: 0.013614087
      objectReference: {fileID: 0}
    - target: {fileID: 5629705371724034897, guid: 3bed260b7e81d4d4dbc813e10d0044b1,
        type: 3}
      propertyPath: m_PropertySheet.m_Gradient.m_Array.Array.data[1].m_Value.ctime0
      value: 32178
      objectReference: {fileID: 0}
    - target: {fileID: 5629705371724034897, guid: 3bed260b7e81d4d4dbc813e10d0044b1,
        type: 3}
      propertyPath: m_PropertySheet.m_Gradient.m_Array.Array.data[1].m_Value.ctime1
      value: 65342
      objectReference: {fileID: 0}
    - target: {fileID: 5629705371724034897, guid: 3bed260b7e81d4d4dbc813e10d0044b1,
        type: 3}
      propertyPath: m_PropertySheet.m_Gradient.m_Array.Array.data[2].m_Value.key0.r
      value: 2.6002858
      objectReference: {fileID: 0}
    - target: {fileID: 5629705371724034897, guid: 3bed260b7e81d4d4dbc813e10d0044b1,
        type: 3}
      propertyPath: m_PropertySheet.m_Gradient.m_Array.Array.data[2].m_Value.key0.g
      value: 0.0384496
      objectReference: {fileID: 0}
    - target: {fileID: 5629705371724034897, guid: 3bed260b7e81d4d4dbc813e10d0044b1,
        type: 3}
      propertyPath: m_PropertySheet.m_Gradient.m_Array.Array.data[2].m_Value.key0.b
      value: 0.013614087
      objectReference: {fileID: 0}
    - target: {fileID: 5629705371724034897, guid: 3bed260b7e81d4d4dbc813e10d0044b1,
        type: 3}
      propertyPath: m_PropertySheet.m_Gradient.m_Array.Array.data[2].m_Value.key1.r
      value: 5.3403134
      objectReference: {fileID: 0}
    - target: {fileID: 5629705371724034897, guid: 3bed260b7e81d4d4dbc813e10d0044b1,
        type: 3}
      propertyPath: m_PropertySheet.m_Gradient.m_Array.Array.data[2].m_Value.key1.g
      value: 5.3403134
      objectReference: {fileID: 0}
    - target: {fileID: 5629705371724034897, guid: 3bed260b7e81d4d4dbc813e10d0044b1,
        type: 3}
      propertyPath: m_PropertySheet.m_Gradient.m_Array.Array.data[2].m_Value.key1.b
      value: 5.3403134
      objectReference: {fileID: 0}
    - target: {fileID: 5629705371724034900, guid: 3bed260b7e81d4d4dbc813e10d0044b1,
        type: 3}
      propertyPath: m_Name
      value: VFXLED 1 (9)
      objectReference: {fileID: 0}
    - target: {fileID: 5629705371724034901, guid: 3bed260b7e81d4d4dbc813e10d0044b1,
        type: 3}
      propertyPath: m_LocalPosition.x
      value: 10.539993
      objectReference: {fileID: 0}
    - target: {fileID: 5629705371724034901, guid: 3bed260b7e81d4d4dbc813e10d0044b1,
        type: 3}
      propertyPath: m_LocalPosition.y
      value: -0.7599945
      objectReference: {fileID: 0}
    - target: {fileID: 5629705371724034901, guid: 3bed260b7e81d4d4dbc813e10d0044b1,
        type: 3}
      propertyPath: m_LocalPosition.z
      value: 0
      objectReference: {fileID: 0}
    - target: {fileID: 5629705371724034901, guid: 3bed260b7e81d4d4dbc813e10d0044b1,
        type: 3}
      propertyPath: m_LocalRotation.x
      value: -0
      objectReference: {fileID: 0}
    - target: {fileID: 5629705371724034901, guid: 3bed260b7e81d4d4dbc813e10d0044b1,
        type: 3}
      propertyPath: m_LocalRotation.y
      value: -0
      objectReference: {fileID: 0}
    - target: {fileID: 5629705371724034901, guid: 3bed260b7e81d4d4dbc813e10d0044b1,
        type: 3}
      propertyPath: m_LocalRotation.z
      value: -0
      objectReference: {fileID: 0}
    - target: {fileID: 5629705371724034901, guid: 3bed260b7e81d4d4dbc813e10d0044b1,
        type: 3}
      propertyPath: m_LocalRotation.w
      value: 1
      objectReference: {fileID: 0}
    - target: {fileID: 5629705371724034901, guid: 3bed260b7e81d4d4dbc813e10d0044b1,
        type: 3}
      propertyPath: m_RootOrder
      value: 8
      objectReference: {fileID: 0}
    - target: {fileID: 5629705371724034901, guid: 3bed260b7e81d4d4dbc813e10d0044b1,
        type: 3}
      propertyPath: m_LocalEulerAnglesHint.x
      value: 0
      objectReference: {fileID: 0}
    - target: {fileID: 5629705371724034901, guid: 3bed260b7e81d4d4dbc813e10d0044b1,
        type: 3}
      propertyPath: m_LocalEulerAnglesHint.y
      value: 0
      objectReference: {fileID: 0}
    - target: {fileID: 5629705371724034901, guid: 3bed260b7e81d4d4dbc813e10d0044b1,
        type: 3}
      propertyPath: m_LocalEulerAnglesHint.z
      value: 0
      objectReference: {fileID: 0}
    m_RemovedComponents: []
  m_SourcePrefab: {fileID: 100100000, guid: 3bed260b7e81d4d4dbc813e10d0044b1, type: 3}
--- !u!4 &5489519682516418212 stripped
Transform:
  m_CorrespondingSourceObject: {fileID: 5629705371724034901, guid: 3bed260b7e81d4d4dbc813e10d0044b1,
    type: 3}
  m_PrefabInstance: {fileID: 148066988564925937}
  m_PrefabAsset: {fileID: 0}
--- !u!1001 &148066989205655183
PrefabInstance:
  m_ObjectHideFlags: 0
  serializedVersion: 2
  m_Modification:
    m_TransformParent: {fileID: 148066988190507826}
    m_Modifications:
    - target: {fileID: 5629705371724034896, guid: 3bed260b7e81d4d4dbc813e10d0044b1,
        type: 3}
      propertyPath: m_Materials.Array.data[0]
      value: 
      objectReference: {fileID: 0}
    - target: {fileID: 5629705371724034896, guid: 3bed260b7e81d4d4dbc813e10d0044b1,
        type: 3}
      propertyPath: m_Enabled
      value: 1
      objectReference: {fileID: 0}
    - target: {fileID: 5629705371724034897, guid: 3bed260b7e81d4d4dbc813e10d0044b1,
        type: 3}
      propertyPath: m_PropertySheet.m_Gradient.m_Array.Array.data[1].m_Value.key0.r
      value: 5.3403134
      objectReference: {fileID: 0}
    - target: {fileID: 5629705371724034897, guid: 3bed260b7e81d4d4dbc813e10d0044b1,
        type: 3}
      propertyPath: m_PropertySheet.m_Gradient.m_Array.Array.data[1].m_Value.key0.g
      value: 5.3403134
      objectReference: {fileID: 0}
    - target: {fileID: 5629705371724034897, guid: 3bed260b7e81d4d4dbc813e10d0044b1,
        type: 3}
      propertyPath: m_PropertySheet.m_Gradient.m_Array.Array.data[1].m_Value.key0.b
      value: 5.3403134
      objectReference: {fileID: 0}
    - target: {fileID: 5629705371724034897, guid: 3bed260b7e81d4d4dbc813e10d0044b1,
        type: 3}
      propertyPath: m_PropertySheet.m_Gradient.m_Array.Array.data[1].m_Value.key1.r
      value: 2.6002858
      objectReference: {fileID: 0}
    - target: {fileID: 5629705371724034897, guid: 3bed260b7e81d4d4dbc813e10d0044b1,
        type: 3}
      propertyPath: m_PropertySheet.m_Gradient.m_Array.Array.data[1].m_Value.key1.g
      value: 0.037961245
      objectReference: {fileID: 0}
    - target: {fileID: 5629705371724034897, guid: 3bed260b7e81d4d4dbc813e10d0044b1,
        type: 3}
      propertyPath: m_PropertySheet.m_Gradient.m_Array.Array.data[1].m_Value.key1.b
      value: 0.013614087
      objectReference: {fileID: 0}
    - target: {fileID: 5629705371724034897, guid: 3bed260b7e81d4d4dbc813e10d0044b1,
        type: 3}
      propertyPath: m_PropertySheet.m_Gradient.m_Array.Array.data[1].m_Value.ctime0
      value: 32178
      objectReference: {fileID: 0}
    - target: {fileID: 5629705371724034897, guid: 3bed260b7e81d4d4dbc813e10d0044b1,
        type: 3}
      propertyPath: m_PropertySheet.m_Gradient.m_Array.Array.data[1].m_Value.ctime1
      value: 65342
      objectReference: {fileID: 0}
    - target: {fileID: 5629705371724034897, guid: 3bed260b7e81d4d4dbc813e10d0044b1,
        type: 3}
      propertyPath: m_PropertySheet.m_Gradient.m_Array.Array.data[2].m_Value.key0.r
      value: 2.6002858
      objectReference: {fileID: 0}
    - target: {fileID: 5629705371724034897, guid: 3bed260b7e81d4d4dbc813e10d0044b1,
        type: 3}
      propertyPath: m_PropertySheet.m_Gradient.m_Array.Array.data[2].m_Value.key0.g
      value: 0.0384496
      objectReference: {fileID: 0}
    - target: {fileID: 5629705371724034897, guid: 3bed260b7e81d4d4dbc813e10d0044b1,
        type: 3}
      propertyPath: m_PropertySheet.m_Gradient.m_Array.Array.data[2].m_Value.key0.b
      value: 0.013614087
      objectReference: {fileID: 0}
    - target: {fileID: 5629705371724034897, guid: 3bed260b7e81d4d4dbc813e10d0044b1,
        type: 3}
      propertyPath: m_PropertySheet.m_Gradient.m_Array.Array.data[2].m_Value.key1.r
      value: 5.3403134
      objectReference: {fileID: 0}
    - target: {fileID: 5629705371724034897, guid: 3bed260b7e81d4d4dbc813e10d0044b1,
        type: 3}
      propertyPath: m_PropertySheet.m_Gradient.m_Array.Array.data[2].m_Value.key1.g
      value: 5.3403134
      objectReference: {fileID: 0}
    - target: {fileID: 5629705371724034897, guid: 3bed260b7e81d4d4dbc813e10d0044b1,
        type: 3}
      propertyPath: m_PropertySheet.m_Gradient.m_Array.Array.data[2].m_Value.key1.b
      value: 5.3403134
      objectReference: {fileID: 0}
    - target: {fileID: 5629705371724034900, guid: 3bed260b7e81d4d4dbc813e10d0044b1,
        type: 3}
      propertyPath: m_Name
      value: VFXLED 1 (7)
      objectReference: {fileID: 0}
    - target: {fileID: 5629705371724034901, guid: 3bed260b7e81d4d4dbc813e10d0044b1,
        type: 3}
      propertyPath: m_LocalPosition.x
      value: -3.119995
      objectReference: {fileID: 0}
    - target: {fileID: 5629705371724034901, guid: 3bed260b7e81d4d4dbc813e10d0044b1,
        type: 3}
      propertyPath: m_LocalPosition.y
      value: -1.7100067
      objectReference: {fileID: 0}
    - target: {fileID: 5629705371724034901, guid: 3bed260b7e81d4d4dbc813e10d0044b1,
        type: 3}
      propertyPath: m_LocalPosition.z
      value: 0
      objectReference: {fileID: 0}
    - target: {fileID: 5629705371724034901, guid: 3bed260b7e81d4d4dbc813e10d0044b1,
        type: 3}
      propertyPath: m_LocalRotation.x
      value: -0
      objectReference: {fileID: 0}
    - target: {fileID: 5629705371724034901, guid: 3bed260b7e81d4d4dbc813e10d0044b1,
        type: 3}
      propertyPath: m_LocalRotation.y
      value: -0
      objectReference: {fileID: 0}
    - target: {fileID: 5629705371724034901, guid: 3bed260b7e81d4d4dbc813e10d0044b1,
        type: 3}
      propertyPath: m_LocalRotation.z
      value: -0
      objectReference: {fileID: 0}
    - target: {fileID: 5629705371724034901, guid: 3bed260b7e81d4d4dbc813e10d0044b1,
        type: 3}
      propertyPath: m_LocalRotation.w
      value: 1
      objectReference: {fileID: 0}
    - target: {fileID: 5629705371724034901, guid: 3bed260b7e81d4d4dbc813e10d0044b1,
        type: 3}
      propertyPath: m_RootOrder
      value: 4
      objectReference: {fileID: 0}
    - target: {fileID: 5629705371724034901, guid: 3bed260b7e81d4d4dbc813e10d0044b1,
        type: 3}
      propertyPath: m_LocalEulerAnglesHint.x
      value: 0
      objectReference: {fileID: 0}
    - target: {fileID: 5629705371724034901, guid: 3bed260b7e81d4d4dbc813e10d0044b1,
        type: 3}
      propertyPath: m_LocalEulerAnglesHint.y
      value: 0
      objectReference: {fileID: 0}
    - target: {fileID: 5629705371724034901, guid: 3bed260b7e81d4d4dbc813e10d0044b1,
        type: 3}
      propertyPath: m_LocalEulerAnglesHint.z
      value: 0
      objectReference: {fileID: 0}
    m_RemovedComponents: []
  m_SourcePrefab: {fileID: 100100000, guid: 3bed260b7e81d4d4dbc813e10d0044b1, type: 3}
--- !u!4 &5489519682940091866 stripped
Transform:
  m_CorrespondingSourceObject: {fileID: 5629705371724034901, guid: 3bed260b7e81d4d4dbc813e10d0044b1,
    type: 3}
  m_PrefabInstance: {fileID: 148066989205655183}
  m_PrefabAsset: {fileID: 0}
--- !u!1001 &148066989232650720
PrefabInstance:
  m_ObjectHideFlags: 0
  serializedVersion: 2
  m_Modification:
    m_TransformParent: {fileID: 148066988190507826}
    m_Modifications:
    - target: {fileID: 5629705371724034896, guid: 652f1cb5f8a9ab1468de7e2f22e66643,
        type: 3}
      propertyPath: m_Materials.Array.data[0]
      value: 
      objectReference: {fileID: 0}
    - target: {fileID: 5629705371724034896, guid: 652f1cb5f8a9ab1468de7e2f22e66643,
        type: 3}
      propertyPath: m_Enabled
      value: 1
      objectReference: {fileID: 0}
    - target: {fileID: 5629705371724034897, guid: 652f1cb5f8a9ab1468de7e2f22e66643,
        type: 3}
      propertyPath: m_PropertySheet.m_Gradient.m_Array.Array.data[1].m_Value.key0.r
      value: 2.6002858
      objectReference: {fileID: 0}
    - target: {fileID: 5629705371724034897, guid: 652f1cb5f8a9ab1468de7e2f22e66643,
        type: 3}
      propertyPath: m_PropertySheet.m_Gradient.m_Array.Array.data[1].m_Value.key0.g
      value: 0.0384496
      objectReference: {fileID: 0}
    - target: {fileID: 5629705371724034897, guid: 652f1cb5f8a9ab1468de7e2f22e66643,
        type: 3}
      propertyPath: m_PropertySheet.m_Gradient.m_Array.Array.data[1].m_Value.key0.b
      value: 0.013614087
      objectReference: {fileID: 0}
    - target: {fileID: 5629705371724034897, guid: 652f1cb5f8a9ab1468de7e2f22e66643,
        type: 3}
      propertyPath: m_PropertySheet.m_Gradient.m_Array.Array.data[1].m_Value.key1.r
      value: 5.3403134
      objectReference: {fileID: 0}
    - target: {fileID: 5629705371724034897, guid: 652f1cb5f8a9ab1468de7e2f22e66643,
        type: 3}
      propertyPath: m_PropertySheet.m_Gradient.m_Array.Array.data[1].m_Value.key1.g
      value: 5.3403134
      objectReference: {fileID: 0}
    - target: {fileID: 5629705371724034897, guid: 652f1cb5f8a9ab1468de7e2f22e66643,
        type: 3}
      propertyPath: m_PropertySheet.m_Gradient.m_Array.Array.data[1].m_Value.key1.b
      value: 5.3403134
      objectReference: {fileID: 0}
    - target: {fileID: 5629705371724034897, guid: 652f1cb5f8a9ab1468de7e2f22e66643,
        type: 3}
      propertyPath: m_PropertySheet.m_Gradient.m_Array.Array.data[2].m_Value.key0.r
      value: 5.3403134
      objectReference: {fileID: 0}
    - target: {fileID: 5629705371724034897, guid: 652f1cb5f8a9ab1468de7e2f22e66643,
        type: 3}
      propertyPath: m_PropertySheet.m_Gradient.m_Array.Array.data[2].m_Value.key0.g
      value: 5.3403134
      objectReference: {fileID: 0}
    - target: {fileID: 5629705371724034897, guid: 652f1cb5f8a9ab1468de7e2f22e66643,
        type: 3}
      propertyPath: m_PropertySheet.m_Gradient.m_Array.Array.data[2].m_Value.key0.b
      value: 5.3403134
      objectReference: {fileID: 0}
    - target: {fileID: 5629705371724034897, guid: 652f1cb5f8a9ab1468de7e2f22e66643,
        type: 3}
      propertyPath: m_PropertySheet.m_Gradient.m_Array.Array.data[2].m_Value.key1.r
      value: 2.6002858
      objectReference: {fileID: 0}
    - target: {fileID: 5629705371724034897, guid: 652f1cb5f8a9ab1468de7e2f22e66643,
        type: 3}
      propertyPath: m_PropertySheet.m_Gradient.m_Array.Array.data[2].m_Value.key1.g
      value: 0.037961245
      objectReference: {fileID: 0}
    - target: {fileID: 5629705371724034897, guid: 652f1cb5f8a9ab1468de7e2f22e66643,
        type: 3}
      propertyPath: m_PropertySheet.m_Gradient.m_Array.Array.data[2].m_Value.key1.b
      value: 0.013614087
      objectReference: {fileID: 0}
    - target: {fileID: 5629705371724034897, guid: 652f1cb5f8a9ab1468de7e2f22e66643,
        type: 3}
      propertyPath: m_PropertySheet.m_Gradient.m_Array.Array.data[2].m_Value.ctime0
      value: 32178
      objectReference: {fileID: 0}
    - target: {fileID: 5629705371724034897, guid: 652f1cb5f8a9ab1468de7e2f22e66643,
        type: 3}
      propertyPath: m_PropertySheet.m_Gradient.m_Array.Array.data[2].m_Value.ctime1
      value: 65342
      objectReference: {fileID: 0}
    - target: {fileID: 5629705371724034900, guid: 652f1cb5f8a9ab1468de7e2f22e66643,
        type: 3}
      propertyPath: m_Name
      value: VFXLED (10)
      objectReference: {fileID: 0}
    - target: {fileID: 5629705371724034901, guid: 652f1cb5f8a9ab1468de7e2f22e66643,
        type: 3}
      propertyPath: m_LocalPosition.x
      value: 7.2599945
      objectReference: {fileID: 0}
    - target: {fileID: 5629705371724034901, guid: 652f1cb5f8a9ab1468de7e2f22e66643,
        type: 3}
      propertyPath: m_LocalPosition.y
      value: -1.3200073
      objectReference: {fileID: 0}
    - target: {fileID: 5629705371724034901, guid: 652f1cb5f8a9ab1468de7e2f22e66643,
        type: 3}
      propertyPath: m_LocalPosition.z
      value: 0
      objectReference: {fileID: 0}
    - target: {fileID: 5629705371724034901, guid: 652f1cb5f8a9ab1468de7e2f22e66643,
        type: 3}
      propertyPath: m_LocalRotation.x
      value: -0
      objectReference: {fileID: 0}
    - target: {fileID: 5629705371724034901, guid: 652f1cb5f8a9ab1468de7e2f22e66643,
        type: 3}
      propertyPath: m_LocalRotation.y
      value: -0
      objectReference: {fileID: 0}
    - target: {fileID: 5629705371724034901, guid: 652f1cb5f8a9ab1468de7e2f22e66643,
        type: 3}
      propertyPath: m_LocalRotation.z
      value: -0
      objectReference: {fileID: 0}
    - target: {fileID: 5629705371724034901, guid: 652f1cb5f8a9ab1468de7e2f22e66643,
        type: 3}
      propertyPath: m_LocalRotation.w
      value: 1
      objectReference: {fileID: 0}
    - target: {fileID: 5629705371724034901, guid: 652f1cb5f8a9ab1468de7e2f22e66643,
        type: 3}
      propertyPath: m_RootOrder
      value: 7
      objectReference: {fileID: 0}
    - target: {fileID: 5629705371724034901, guid: 652f1cb5f8a9ab1468de7e2f22e66643,
        type: 3}
      propertyPath: m_LocalEulerAnglesHint.x
      value: 0
      objectReference: {fileID: 0}
    - target: {fileID: 5629705371724034901, guid: 652f1cb5f8a9ab1468de7e2f22e66643,
        type: 3}
      propertyPath: m_LocalEulerAnglesHint.y
      value: 0
      objectReference: {fileID: 0}
    - target: {fileID: 5629705371724034901, guid: 652f1cb5f8a9ab1468de7e2f22e66643,
        type: 3}
      propertyPath: m_LocalEulerAnglesHint.z
      value: 0
      objectReference: {fileID: 0}
    m_RemovedComponents: []
  m_SourcePrefab: {fileID: 100100000, guid: 652f1cb5f8a9ab1468de7e2f22e66643, type: 3}
--- !u!4 &5489519683182021301 stripped
Transform:
  m_CorrespondingSourceObject: {fileID: 5629705371724034901, guid: 652f1cb5f8a9ab1468de7e2f22e66643,
    type: 3}
  m_PrefabInstance: {fileID: 148066989232650720}
  m_PrefabAsset: {fileID: 0}
--- !u!1001 &148066989538406881
PrefabInstance:
  m_ObjectHideFlags: 0
  serializedVersion: 2
  m_Modification:
    m_TransformParent: {fileID: 148066988190507826}
    m_Modifications:
    - target: {fileID: 5629705371724034896, guid: 652f1cb5f8a9ab1468de7e2f22e66643,
        type: 3}
      propertyPath: m_Materials.Array.data[0]
      value: 
      objectReference: {fileID: 0}
    - target: {fileID: 5629705371724034896, guid: 652f1cb5f8a9ab1468de7e2f22e66643,
        type: 3}
      propertyPath: m_Enabled
      value: 1
      objectReference: {fileID: 0}
    - target: {fileID: 5629705371724034897, guid: 652f1cb5f8a9ab1468de7e2f22e66643,
        type: 3}
      propertyPath: m_PropertySheet.m_Gradient.m_Array.Array.data[1].m_Value.key0.r
      value: 2.6002858
      objectReference: {fileID: 0}
    - target: {fileID: 5629705371724034897, guid: 652f1cb5f8a9ab1468de7e2f22e66643,
        type: 3}
      propertyPath: m_PropertySheet.m_Gradient.m_Array.Array.data[1].m_Value.key0.g
      value: 0.0384496
      objectReference: {fileID: 0}
    - target: {fileID: 5629705371724034897, guid: 652f1cb5f8a9ab1468de7e2f22e66643,
        type: 3}
      propertyPath: m_PropertySheet.m_Gradient.m_Array.Array.data[1].m_Value.key0.b
      value: 0.013614087
      objectReference: {fileID: 0}
    - target: {fileID: 5629705371724034897, guid: 652f1cb5f8a9ab1468de7e2f22e66643,
        type: 3}
      propertyPath: m_PropertySheet.m_Gradient.m_Array.Array.data[1].m_Value.key1.r
      value: 5.3403134
      objectReference: {fileID: 0}
    - target: {fileID: 5629705371724034897, guid: 652f1cb5f8a9ab1468de7e2f22e66643,
        type: 3}
      propertyPath: m_PropertySheet.m_Gradient.m_Array.Array.data[1].m_Value.key1.g
      value: 5.3403134
      objectReference: {fileID: 0}
    - target: {fileID: 5629705371724034897, guid: 652f1cb5f8a9ab1468de7e2f22e66643,
        type: 3}
      propertyPath: m_PropertySheet.m_Gradient.m_Array.Array.data[1].m_Value.key1.b
      value: 5.3403134
      objectReference: {fileID: 0}
    - target: {fileID: 5629705371724034897, guid: 652f1cb5f8a9ab1468de7e2f22e66643,
        type: 3}
      propertyPath: m_PropertySheet.m_Gradient.m_Array.Array.data[2].m_Value.key0.r
      value: 5.3403134
      objectReference: {fileID: 0}
    - target: {fileID: 5629705371724034897, guid: 652f1cb5f8a9ab1468de7e2f22e66643,
        type: 3}
      propertyPath: m_PropertySheet.m_Gradient.m_Array.Array.data[2].m_Value.key0.g
      value: 5.3403134
      objectReference: {fileID: 0}
    - target: {fileID: 5629705371724034897, guid: 652f1cb5f8a9ab1468de7e2f22e66643,
        type: 3}
      propertyPath: m_PropertySheet.m_Gradient.m_Array.Array.data[2].m_Value.key0.b
      value: 5.3403134
      objectReference: {fileID: 0}
    - target: {fileID: 5629705371724034897, guid: 652f1cb5f8a9ab1468de7e2f22e66643,
        type: 3}
      propertyPath: m_PropertySheet.m_Gradient.m_Array.Array.data[2].m_Value.key1.r
      value: 2.6002858
      objectReference: {fileID: 0}
    - target: {fileID: 5629705371724034897, guid: 652f1cb5f8a9ab1468de7e2f22e66643,
        type: 3}
      propertyPath: m_PropertySheet.m_Gradient.m_Array.Array.data[2].m_Value.key1.g
      value: 0.037961245
      objectReference: {fileID: 0}
    - target: {fileID: 5629705371724034897, guid: 652f1cb5f8a9ab1468de7e2f22e66643,
        type: 3}
      propertyPath: m_PropertySheet.m_Gradient.m_Array.Array.data[2].m_Value.key1.b
      value: 0.013614087
      objectReference: {fileID: 0}
    - target: {fileID: 5629705371724034897, guid: 652f1cb5f8a9ab1468de7e2f22e66643,
        type: 3}
      propertyPath: m_PropertySheet.m_Gradient.m_Array.Array.data[2].m_Value.ctime0
      value: 32178
      objectReference: {fileID: 0}
    - target: {fileID: 5629705371724034897, guid: 652f1cb5f8a9ab1468de7e2f22e66643,
        type: 3}
      propertyPath: m_PropertySheet.m_Gradient.m_Array.Array.data[2].m_Value.ctime1
      value: 65342
      objectReference: {fileID: 0}
    - target: {fileID: 5629705371724034900, guid: 652f1cb5f8a9ab1468de7e2f22e66643,
        type: 3}
      propertyPath: m_Name
      value: VFXLED (11)
      objectReference: {fileID: 0}
    - target: {fileID: 5629705371724034901, guid: 652f1cb5f8a9ab1468de7e2f22e66643,
        type: 3}
      propertyPath: m_LocalPosition.x
      value: 14.069992
      objectReference: {fileID: 0}
    - target: {fileID: 5629705371724034901, guid: 652f1cb5f8a9ab1468de7e2f22e66643,
        type: 3}
      propertyPath: m_LocalPosition.y
      value: -0.21998596
      objectReference: {fileID: 0}
    - target: {fileID: 5629705371724034901, guid: 652f1cb5f8a9ab1468de7e2f22e66643,
        type: 3}
      propertyPath: m_LocalPosition.z
      value: 0
      objectReference: {fileID: 0}
    - target: {fileID: 5629705371724034901, guid: 652f1cb5f8a9ab1468de7e2f22e66643,
        type: 3}
      propertyPath: m_LocalRotation.x
      value: -0
      objectReference: {fileID: 0}
    - target: {fileID: 5629705371724034901, guid: 652f1cb5f8a9ab1468de7e2f22e66643,
        type: 3}
      propertyPath: m_LocalRotation.y
      value: -0
      objectReference: {fileID: 0}
    - target: {fileID: 5629705371724034901, guid: 652f1cb5f8a9ab1468de7e2f22e66643,
        type: 3}
      propertyPath: m_LocalRotation.z
      value: -0
      objectReference: {fileID: 0}
    - target: {fileID: 5629705371724034901, guid: 652f1cb5f8a9ab1468de7e2f22e66643,
        type: 3}
      propertyPath: m_LocalRotation.w
      value: 1
      objectReference: {fileID: 0}
    - target: {fileID: 5629705371724034901, guid: 652f1cb5f8a9ab1468de7e2f22e66643,
        type: 3}
      propertyPath: m_RootOrder
      value: 9
      objectReference: {fileID: 0}
    - target: {fileID: 5629705371724034901, guid: 652f1cb5f8a9ab1468de7e2f22e66643,
        type: 3}
      propertyPath: m_LocalEulerAnglesHint.x
      value: 0
      objectReference: {fileID: 0}
    - target: {fileID: 5629705371724034901, guid: 652f1cb5f8a9ab1468de7e2f22e66643,
        type: 3}
      propertyPath: m_LocalEulerAnglesHint.y
      value: 0
      objectReference: {fileID: 0}
    - target: {fileID: 5629705371724034901, guid: 652f1cb5f8a9ab1468de7e2f22e66643,
        type: 3}
      propertyPath: m_LocalEulerAnglesHint.z
      value: 0
      objectReference: {fileID: 0}
    m_RemovedComponents: []
  m_SourcePrefab: {fileID: 100100000, guid: 652f1cb5f8a9ab1468de7e2f22e66643, type: 3}
--- !u!4 &5489519683421717172 stripped
Transform:
  m_CorrespondingSourceObject: {fileID: 5629705371724034901, guid: 652f1cb5f8a9ab1468de7e2f22e66643,
    type: 3}
  m_PrefabInstance: {fileID: 148066989538406881}
  m_PrefabAsset: {fileID: 0}
