%YAML 1.1
%TAG !u! tag:unity3d.com,2011:
--- !u!1 &7132737128555758380
GameObject:
  m_ObjectHideFlags: 0
  m_CorrespondingSourceObject: {fileID: 0}
  m_PrefabInstance: {fileID: 0}
  m_PrefabAsset: {fileID: 0}
  serializedVersion: 6
  m_Component:
  - component: {fileID: 7132737128555758383}
  - component: {fileID: 7132737128555758382}
  m_Layer: 10
  m_Name: ColliderTrigger
  m_TagString: DestructibleObstacle
  m_Icon: {fileID: 0}
  m_NavMeshLayer: 0
  m_StaticEditorFlags: 0
  m_IsActive: 1
--- !u!4 &7132737128555758383
Transform:
  m_ObjectHideFlags: 0
  m_CorrespondingSourceObject: {fileID: 0}
  m_PrefabInstance: {fileID: 0}
  m_PrefabAsset: {fileID: 0}
  m_GameObject: {fileID: 7132737128555758380}
  m_LocalRotation: {x: -0.7071067, y: -0.000000030908616, z: 0.000000030908623, w: 0.7071068}
  m_LocalPosition: {x: 0, y: 0, z: 0}
  m_LocalScale: {x: 40, y: 40, z: 40}
  m_Children: []
  m_Father: {fileID: 7132737128795501104}
  m_RootOrder: 1
  m_LocalEulerAnglesHint: {x: 0, y: 0, z: 0}
--- !u!64 &7132737128555758382
MeshCollider:
  m_ObjectHideFlags: 0
  m_CorrespondingSourceObject: {fileID: 0}
  m_PrefabInstance: {fileID: 0}
  m_PrefabAsset: {fileID: 0}
  m_GameObject: {fileID: 7132737128555758380}
  m_Material: {fileID: 0}
  m_IsTrigger: 1
  m_Enabled: 1
  serializedVersion: 4
  m_Convex: 1
  m_CookingOptions: 30
  m_Mesh: {fileID: 6985149316947126677, guid: e44bf4c19a6da804bb3cb3b3cc22c158, type: 3}
--- !u!1 &7132737128795501105
GameObject:
  m_ObjectHideFlags: 0
  m_CorrespondingSourceObject: {fileID: 0}
  m_PrefabInstance: {fileID: 0}
  m_PrefabAsset: {fileID: 0}
  serializedVersion: 6
  m_Component:
  - component: {fileID: 7132737128795501104}
  m_Layer: 11
  m_Name: PontBois
  m_TagString: DestructibleObstacle
  m_Icon: {fileID: 0}
  m_NavMeshLayer: 0
  m_StaticEditorFlags: 0
  m_IsActive: 1
--- !u!4 &7132737128795501104
Transform:
  m_ObjectHideFlags: 0
  m_CorrespondingSourceObject: {fileID: 0}
  m_PrefabInstance: {fileID: 0}
  m_PrefabAsset: {fileID: 0}
  m_GameObject: {fileID: 7132737128795501105}
  m_LocalRotation: {x: -0, y: -0, z: -0, w: 1}
  m_LocalPosition: {x: 0, y: 0, z: 0}
  m_LocalScale: {x: 1, y: 1, z: 1}
  m_Children:
  - {fileID: 7311079276572105932}
  - {fileID: 7132737128555758383}
  m_Father: {fileID: 0}
  m_RootOrder: 0
  m_LocalEulerAnglesHint: {x: 0, y: 0, z: 0}
--- !u!1001 &7132737128868461351
PrefabInstance:
  m_ObjectHideFlags: 0
  serializedVersion: 2
  m_Modification:
    m_TransformParent: {fileID: 7132737128795501104}
    m_Modifications:
    - target: {fileID: -8679921383154817045, guid: e44bf4c19a6da804bb3cb3b3cc22c158,
        type: 3}
      propertyPath: m_LocalPosition.x
      value: 0
      objectReference: {fileID: 0}
    - target: {fileID: -8679921383154817045, guid: e44bf4c19a6da804bb3cb3b3cc22c158,
        type: 3}
      propertyPath: m_LocalPosition.y
      value: 3.8426867
      objectReference: {fileID: 0}
    - target: {fileID: -8679921383154817045, guid: e44bf4c19a6da804bb3cb3b3cc22c158,
        type: 3}
      propertyPath: m_LocalPosition.z
      value: 0
      objectReference: {fileID: 0}
    - target: {fileID: -8679921383154817045, guid: e44bf4c19a6da804bb3cb3b3cc22c158,
        type: 3}
      propertyPath: m_LocalRotation.x
      value: -0.7071067
      objectReference: {fileID: 0}
    - target: {fileID: -8679921383154817045, guid: e44bf4c19a6da804bb3cb3b3cc22c158,
        type: 3}
      propertyPath: m_LocalRotation.y
      value: -0.000000030908616
      objectReference: {fileID: 0}
    - target: {fileID: -8679921383154817045, guid: e44bf4c19a6da804bb3cb3b3cc22c158,
        type: 3}
      propertyPath: m_LocalRotation.z
      value: 0.000000030908623
      objectReference: {fileID: 0}
    - target: {fileID: -8679921383154817045, guid: e44bf4c19a6da804bb3cb3b3cc22c158,
        type: 3}
      propertyPath: m_LocalRotation.w
      value: 0.7071068
      objectReference: {fileID: 0}
    - target: {fileID: -8679921383154817045, guid: e44bf4c19a6da804bb3cb3b3cc22c158,
        type: 3}
      propertyPath: m_RootOrder
      value: 0
      objectReference: {fileID: 0}
    - target: {fileID: -8679921383154817045, guid: e44bf4c19a6da804bb3cb3b3cc22c158,
        type: 3}
      propertyPath: m_LocalEulerAnglesHint.x
      value: 0
      objectReference: {fileID: 0}
    - target: {fileID: -8679921383154817045, guid: e44bf4c19a6da804bb3cb3b3cc22c158,
        type: 3}
      propertyPath: m_LocalEulerAnglesHint.y
      value: 0
      objectReference: {fileID: 0}
    - target: {fileID: -8679921383154817045, guid: e44bf4c19a6da804bb3cb3b3cc22c158,
        type: 3}
      propertyPath: m_LocalEulerAnglesHint.z
      value: 0
      objectReference: {fileID: 0}
    - target: {fileID: -8679921383154817045, guid: e44bf4c19a6da804bb3cb3b3cc22c158,
        type: 3}
      propertyPath: m_LocalScale.x
      value: 40
      objectReference: {fileID: 0}
    - target: {fileID: -8679921383154817045, guid: e44bf4c19a6da804bb3cb3b3cc22c158,
        type: 3}
      propertyPath: m_LocalScale.y
      value: 40
      objectReference: {fileID: 0}
    - target: {fileID: -8679921383154817045, guid: e44bf4c19a6da804bb3cb3b3cc22c158,
        type: 3}
      propertyPath: m_LocalScale.z
      value: 40
      objectReference: {fileID: 0}
    - target: {fileID: 919132149155446097, guid: e44bf4c19a6da804bb3cb3b3cc22c158,
        type: 3}
      propertyPath: m_Name
      value: PontBois
      objectReference: {fileID: 0}
    - target: {fileID: 919132149155446097, guid: e44bf4c19a6da804bb3cb3b3cc22c158,
        type: 3}
      propertyPath: m_Layer
      value: 9
      objectReference: {fileID: 0}
    - target: {fileID: 919132149155446097, guid: e44bf4c19a6da804bb3cb3b3cc22c158,
        type: 3}
      propertyPath: m_TagString
      value: DestructibleObstacle
      objectReference: {fileID: 0}
    m_RemovedComponents: []
  m_SourcePrefab: {fileID: 100100000, guid: e44bf4c19a6da804bb3cb3b3cc22c158, type: 3}
--- !u!4 &7311079276572105932 stripped
Transform:
  m_CorrespondingSourceObject: {fileID: -8679921383154817045, guid: e44bf4c19a6da804bb3cb3b3cc22c158,
    type: 3}
  m_PrefabInstance: {fileID: 7132737128868461351}
  m_PrefabAsset: {fileID: 0}
