%YAML 1.1
%TAG !u! tag:unity3d.com,2011:
--- !u!1 &1454602835089939769
GameObject:
  m_ObjectHideFlags: 0
  m_CorrespondingSourceObject: {fileID: 0}
  m_PrefabInstance: {fileID: 0}
  m_PrefabAsset: {fileID: 0}
  serializedVersion: 6
  m_Component:
  - component: {fileID: 1454602835089939768}
  - component: {fileID: 9076641049829903337}
  - component: {fileID: 218096103746725398}
  - component: {fileID: 511056297}
  - component: {fileID: 2875152174837222567}
  - component: {fileID: -2715919145326544482}
  m_Layer: 11
  m_Name: GBuissoNeige
  m_TagString: Untagged
  m_Icon: {fileID: 0}
  m_NavMeshLayer: 0
  m_StaticEditorFlags: 0
  m_IsActive: 1
--- !u!4 &1454602835089939768
Transform:
  m_ObjectHideFlags: 0
  m_CorrespondingSourceObject: {fileID: 0}
  m_PrefabInstance: {fileID: 0}
  m_PrefabAsset: {fileID: 0}
  m_GameObject: {fileID: 1454602835089939769}
  m_LocalRotation: {x: 0, y: 0, z: 0, w: 1}
  m_LocalPosition: {x: 0, y: 0, z: 0}
  m_LocalScale: {x: 2, y: 2, z: 2}
  m_Children:
  - {fileID: 543450652128251118}
  m_Father: {fileID: 0}
  m_RootOrder: 0
  m_LocalEulerAnglesHint: {x: 0, y: 0, z: 0}
--- !u!114 &9076641049829903337
MonoBehaviour:
  m_ObjectHideFlags: 0
  m_CorrespondingSourceObject: {fileID: 0}
  m_PrefabInstance: {fileID: 0}
  m_PrefabAsset: {fileID: 0}
  m_GameObject: {fileID: 1454602835089939769}
  m_Enabled: 1
  m_EditorHideFlags: 0
  m_Script: {fileID: 11500000, guid: 9a6610d2e704f1648819acc8d7460285, type: 3}
  m_Name: 
  m_EditorClassIdentifier: 
  CollisionTag: Player
  Event: event:/EffetsSonores/Collisions/IC_Buisson3D
  PlayEvent: 3
  StopEvent: 0
  AllowFadeout: 1
  TriggerOnce: 0
  Preload: 0
  Params: []
  OverrideAttenuation: 1
  OverrideMinDistance: 1
  OverrideMaxDistance: 50
--- !u!65 &218096103746725398
BoxCollider:
  m_ObjectHideFlags: 0
  m_CorrespondingSourceObject: {fileID: 0}
  m_PrefabInstance: {fileID: 0}
  m_PrefabAsset: {fileID: 0}
  m_GameObject: {fileID: 1454602835089939769}
  m_Material: {fileID: 0}
  m_IsTrigger: 1
  m_Enabled: 1
  serializedVersion: 2
  m_Size: {x: 3.82, y: 2.45, z: 3.27}
  m_Center: {x: 0, y: 1.49, z: 0}
--- !u!205 &511056297
LODGroup:
  m_ObjectHideFlags: 0
  m_CorrespondingSourceObject: {fileID: 0}
  m_PrefabInstance: {fileID: 0}
  m_PrefabAsset: {fileID: 0}
  m_GameObject: {fileID: 1454602835089939769}
  serializedVersion: 2
  m_LocalReferencePoint: {x: -0.007866383, y: 1.86769, z: 0.25430286}
  m_Size: 4.259204
  m_FadeMode: 0
  m_AnimateCrossFading: 0
  m_LastLODIsBillboard: 0
  m_LODs:
  - screenRelativeHeight: 0.0086330585
    fadeTransitionWidth: 0
    renderers:
    - renderer: {fileID: 2430211878852596417}
  - screenRelativeHeight: 0.005049383
    fadeTransitionWidth: 0
    renderers:
    - renderer: {fileID: 5276871386747575110}
  - screenRelativeHeight: 0.0029643346
    fadeTransitionWidth: 0
    renderers:
    - renderer: {fileID: 1805110546021908636}
  m_Enabled: 1
--- !u!114 &2875152174837222567
MonoBehaviour:
  m_ObjectHideFlags: 0
  m_CorrespondingSourceObject: {fileID: 0}
  m_PrefabInstance: {fileID: 0}
  m_PrefabAsset: {fileID: 0}
  m_GameObject: {fileID: 1454602835089939769}
  m_Enabled: 1
  m_EditorHideFlags: 0
  m_Script: {fileID: 11500000, guid: 0b618a267d58bbd44b0e19612353bc46, type: 3}
  m_Name: 
  m_EditorClassIdentifier: 
  goVfxLossSnow: {fileID: 1444190355645309637, guid: d6e2c8db4a0d9534fb177920355aa0de,
    type: 3}
  goVfxLossChalet: {fileID: 0}
  goVfxFire: {fileID: 2757045522233708323, guid: 6c8c618acda1d824a8673315610b497e,
    type: 3}
  timeToLoss: 1
  timeToFire: 5
  randomTimeFire: 1
  isSnowed: 0
  isTree: 0
  isBush: 1
  isChalet: 0
  allMeshesToDissolve:
  - objectToDissolve: {fileID: 6065045346015509472}
    mat:
    - {fileID: 2100000, guid: 277eee16b0ea50b46a6d2697e82412ba, type: 2}
    - {fileID: 2100000, guid: c77649870e3cdc7488c4d4f79dca1685, type: 2}
    desactivateCollider: 1
    rend: {fileID: 0}
  - objectToDissolve: {fileID: 5872603674536065004}
    mat:
    - {fileID: 2100000, guid: 277eee16b0ea50b46a6d2697e82412ba, type: 2}
    - {fileID: 2100000, guid: c77649870e3cdc7488c4d4f79dca1685, type: 2}
    desactivateCollider: 1
    rend: {fileID: 0}
  - objectToDissolve: {fileID: 1439876049593785782}
    mat:
    - {fileID: 2100000, guid: 277eee16b0ea50b46a6d2697e82412ba, type: 2}
    - {fileID: 2100000, guid: c77649870e3cdc7488c4d4f79dca1685, type: 2}
    desactivateCollider: 1
    rend: {fileID: 0}
  speedToDissolve: 0.2
--- !u!54 &-2715919145326544482
Rigidbody:
  m_ObjectHideFlags: 0
  m_CorrespondingSourceObject: {fileID: 0}
  m_PrefabInstance: {fileID: 0}
  m_PrefabAsset: {fileID: 0}
  m_GameObject: {fileID: 1454602835089939769}
  serializedVersion: 2
  m_Mass: 1
  m_Drag: 0
  m_AngularDrag: 0.05
  m_UseGravity: 0
  m_IsKinematic: 1
  m_Interpolate: 0
  m_Constraints: 0
  m_CollisionDetection: 0
--- !u!1001 &1605528325
PrefabInstance:
  m_ObjectHideFlags: 0
  serializedVersion: 2
  m_Modification:
    m_TransformParent: {fileID: 1454602835089939768}
    m_Modifications:
    - target: {fileID: -8679921383154817045, guid: 1647f218b8e45184d85b7caade5db940,
        type: 3}
      propertyPath: m_LocalPosition.x
      value: 0
      objectReference: {fileID: 0}
    - target: {fileID: -8679921383154817045, guid: 1647f218b8e45184d85b7caade5db940,
        type: 3}
      propertyPath: m_LocalPosition.y
      value: 0
      objectReference: {fileID: 0}
    - target: {fileID: -8679921383154817045, guid: 1647f218b8e45184d85b7caade5db940,
        type: 3}
      propertyPath: m_LocalPosition.z
      value: 0
      objectReference: {fileID: 0}
    - target: {fileID: -8679921383154817045, guid: 1647f218b8e45184d85b7caade5db940,
        type: 3}
      propertyPath: m_LocalRotation.x
      value: 0
      objectReference: {fileID: 0}
    - target: {fileID: -8679921383154817045, guid: 1647f218b8e45184d85b7caade5db940,
        type: 3}
      propertyPath: m_LocalRotation.y
      value: 0
      objectReference: {fileID: 0}
    - target: {fileID: -8679921383154817045, guid: 1647f218b8e45184d85b7caade5db940,
        type: 3}
      propertyPath: m_LocalRotation.z
      value: 0
      objectReference: {fileID: 0}
    - target: {fileID: -8679921383154817045, guid: 1647f218b8e45184d85b7caade5db940,
        type: 3}
      propertyPath: m_LocalRotation.w
      value: 1
      objectReference: {fileID: 0}
    - target: {fileID: -8679921383154817045, guid: 1647f218b8e45184d85b7caade5db940,
        type: 3}
      propertyPath: m_RootOrder
      value: 0
      objectReference: {fileID: 0}
    - target: {fileID: -8679921383154817045, guid: 1647f218b8e45184d85b7caade5db940,
        type: 3}
      propertyPath: m_LocalEulerAnglesHint.x
      value: 0
      objectReference: {fileID: 0}
    - target: {fileID: -8679921383154817045, guid: 1647f218b8e45184d85b7caade5db940,
        type: 3}
      propertyPath: m_LocalEulerAnglesHint.y
      value: 0
      objectReference: {fileID: 0}
    - target: {fileID: -8679921383154817045, guid: 1647f218b8e45184d85b7caade5db940,
        type: 3}
      propertyPath: m_LocalEulerAnglesHint.z
      value: 0
      objectReference: {fileID: 0}
    - target: {fileID: -7783495988092389709, guid: 1647f218b8e45184d85b7caade5db940,
        type: 3}
      propertyPath: m_Layer
      value: 11
      objectReference: {fileID: 0}
    - target: {fileID: -3350768363636630295, guid: 1647f218b8e45184d85b7caade5db940,
        type: 3}
      propertyPath: m_Layer
      value: 11
      objectReference: {fileID: 0}
    - target: {fileID: -3158326689892560667, guid: 1647f218b8e45184d85b7caade5db940,
        type: 3}
      propertyPath: m_Layer
      value: 11
      objectReference: {fileID: 0}
    - target: {fileID: 919132149155446097, guid: 1647f218b8e45184d85b7caade5db940,
        type: 3}
      propertyPath: m_Name
      value: GBuissonNeige
      objectReference: {fileID: 0}
    - target: {fileID: 919132149155446097, guid: 1647f218b8e45184d85b7caade5db940,
        type: 3}
      propertyPath: m_Layer
      value: 11
      objectReference: {fileID: 0}
    m_RemovedComponents: []
  m_SourcePrefab: {fileID: 100100000, guid: 1647f218b8e45184d85b7caade5db940, type: 3}
--- !u!4 &543450652128251118 stripped
Transform:
  m_CorrespondingSourceObject: {fileID: -8679921383154817045, guid: 1647f218b8e45184d85b7caade5db940,
    type: 3}
  m_PrefabInstance: {fileID: 1605528325}
  m_PrefabAsset: {fileID: 0}
--- !u!1 &6065045346015509472 stripped
GameObject:
  m_CorrespondingSourceObject: {fileID: -3158326689892560667, guid: 1647f218b8e45184d85b7caade5db940,
    type: 3}
  m_PrefabInstance: {fileID: 1605528325}
  m_PrefabAsset: {fileID: 0}
--- !u!23 &2430211878852596417 stripped
MeshRenderer:
  m_CorrespondingSourceObject: {fileID: -6793160159338956348, guid: 1647f218b8e45184d85b7caade5db940,
    type: 3}
  m_PrefabInstance: {fileID: 1605528325}
  m_PrefabAsset: {fileID: 0}
--- !u!1 &5872603674536065004 stripped
GameObject:
  m_CorrespondingSourceObject: {fileID: -3350768363636630295, guid: 1647f218b8e45184d85b7caade5db940,
    type: 3}
  m_PrefabInstance: {fileID: 1605528325}
  m_PrefabAsset: {fileID: 0}
--- !u!23 &5276871386747575110 stripped
MeshRenderer:
  m_CorrespondingSourceObject: {fileID: 5276871385517486147, guid: 1647f218b8e45184d85b7caade5db940,
    type: 3}
  m_PrefabInstance: {fileID: 1605528325}
  m_PrefabAsset: {fileID: 0}
--- !u!1 &1439876049593785782 stripped
GameObject:
  m_CorrespondingSourceObject: {fileID: -7783495988092389709, guid: 1647f218b8e45184d85b7caade5db940,
    type: 3}
  m_PrefabInstance: {fileID: 1605528325}
  m_PrefabAsset: {fileID: 0}
--- !u!23 &1805110546021908636 stripped
MeshRenderer:
  m_CorrespondingSourceObject: {fileID: 1805110545087523737, guid: 1647f218b8e45184d85b7caade5db940,
    type: 3}
  m_PrefabInstance: {fileID: 1605528325}
  m_PrefabAsset: {fileID: 0}
