%YAML 1.1
%TAG !u! tag:unity3d.com,2011:
--- !u!1 &495821093544068357
GameObject:
  m_ObjectHideFlags: 0
  m_CorrespondingSourceObject: {fileID: 0}
  m_PrefabInstance: {fileID: 0}
  m_PrefabAsset: {fileID: 0}
  serializedVersion: 6
  m_Component:
  - component: {fileID: 495821093544068356}
  - component: {fileID: 8344074811481787134}
  - component: {fileID: -8886023143195778772}
  - component: {fileID: 1542787136}
  - component: {fileID: 6413740462610363041}
  - component: {fileID: -4823383711209177600}
  m_Layer: 11
  m_Name: PBuissonNeige
  m_TagString: Untagged
  m_Icon: {fileID: 0}
  m_NavMeshLayer: 0
  m_StaticEditorFlags: 0
  m_IsActive: 1
--- !u!4 &495821093544068356
Transform:
  m_ObjectHideFlags: 0
  m_CorrespondingSourceObject: {fileID: 0}
  m_PrefabInstance: {fileID: 0}
  m_PrefabAsset: {fileID: 0}
  m_GameObject: {fileID: 495821093544068357}
  m_LocalRotation: {x: 0, y: 0, z: 0, w: 1}
  m_LocalPosition: {x: 0, y: 0, z: 0}
  m_LocalScale: {x: 2, y: 2, z: 2}
  m_Children:
  - {fileID: 543450651845559720}
  m_Father: {fileID: 0}
  m_RootOrder: 0
  m_LocalEulerAnglesHint: {x: 0, y: 0, z: 0}
--- !u!114 &8344074811481787134
MonoBehaviour:
  m_ObjectHideFlags: 0
  m_CorrespondingSourceObject: {fileID: 0}
  m_PrefabInstance: {fileID: 0}
  m_PrefabAsset: {fileID: 0}
  m_GameObject: {fileID: 495821093544068357}
  m_Enabled: 1
  m_EditorHideFlags: 0
  m_Script: {fileID: 11500000, guid: 9a6610d2e704f1648819acc8d7460285, type: 3}
  m_Name: 
  m_EditorClassIdentifier: 
  CollisionTag: Player
  Event: event:/EffetsSonores/Collisions/IC_Buisson3D
  PlayEvent: 3
  StopEvent: 0
  AllowFadeout: 1
  TriggerOnce: 0
  Preload: 0
  Params: []
  OverrideAttenuation: 1
  OverrideMinDistance: 1
  OverrideMaxDistance: 50
--- !u!65 &-8886023143195778772
BoxCollider:
  m_ObjectHideFlags: 0
  m_CorrespondingSourceObject: {fileID: 0}
  m_PrefabInstance: {fileID: 0}
  m_PrefabAsset: {fileID: 0}
  m_GameObject: {fileID: 495821093544068357}
  m_Material: {fileID: 0}
  m_IsTrigger: 1
  m_Enabled: 1
  serializedVersion: 2
  m_Size: {x: 2.21, y: 1.81, z: 2.13}
  m_Center: {x: 0, y: 0.95, z: 0.14}
--- !u!205 &1542787136
LODGroup:
  m_ObjectHideFlags: 0
  m_CorrespondingSourceObject: {fileID: 0}
  m_PrefabInstance: {fileID: 0}
  m_PrefabAsset: {fileID: 0}
  m_GameObject: {fileID: 495821093544068357}
  serializedVersion: 2
  m_LocalReferencePoint: {x: 0.07924914, y: 0.9183067, z: 0.094082594}
  m_Size: 2.6947658
  m_FadeMode: 0
  m_AnimateCrossFading: 0
  m_LastLODIsBillboard: 0
  m_LODs:
  - screenRelativeHeight: 0.008446329
    fadeTransitionWidth: 0
    renderers:
    - renderer: {fileID: 7286351376614510338}
  - screenRelativeHeight: 0.0062565156
    fadeTransitionWidth: 0
    renderers:
    - renderer: {fileID: 5871523018748839906}
  - screenRelativeHeight: 0.0034444449
    fadeTransitionWidth: 0
    renderers:
    - renderer: {fileID: 7602327073638105896}
  m_Enabled: 1
--- !u!114 &6413740462610363041
MonoBehaviour:
  m_ObjectHideFlags: 0
  m_CorrespondingSourceObject: {fileID: 0}
  m_PrefabInstance: {fileID: 0}
  m_PrefabAsset: {fileID: 0}
  m_GameObject: {fileID: 495821093544068357}
  m_Enabled: 1
  m_EditorHideFlags: 0
  m_Script: {fileID: 11500000, guid: 0b618a267d58bbd44b0e19612353bc46, type: 3}
  m_Name: 
  m_EditorClassIdentifier: 
  goVfxLossSnow: {fileID: 1444190355645309637, guid: d6e2c8db4a0d9534fb177920355aa0de,
    type: 3}
  goVfxLossChalet: {fileID: 0}
  goVfxFire: {fileID: 2757045522233708323, guid: 6c8c618acda1d824a8673315610b497e,
    type: 3}
  timeToLoss: 1
  timeToFire: 5
  randomTimeFire: 1
  isSnowed: 0
  isTree: 0
  isBush: 1
  isChalet: 0
  allMeshesToDissolve:
  - objectToDissolve: {fileID: 917980020434837784}
    mat:
    - {fileID: 2100000, guid: 277eee16b0ea50b46a6d2697e82412ba, type: 2}
    - {fileID: 2100000, guid: c77649870e3cdc7488c4d4f79dca1685, type: 2}
    desactivateCollider: 1
    rend: {fileID: 0}
  - objectToDissolve: {fileID: 3097551142046928654}
    mat:
    - {fileID: 2100000, guid: 277eee16b0ea50b46a6d2697e82412ba, type: 2}
    - {fileID: 2100000, guid: c77649870e3cdc7488c4d4f79dca1685, type: 2}
    desactivateCollider: 1
    rend: {fileID: 0}
  - objectToDissolve: {fileID: 4038928497900921381}
    mat:
    - {fileID: 2100000, guid: 277eee16b0ea50b46a6d2697e82412ba, type: 2}
    - {fileID: 2100000, guid: c77649870e3cdc7488c4d4f79dca1685, type: 2}
    desactivateCollider: 1
    rend: {fileID: 0}
  speedToDissolve: 0.2
--- !u!54 &-4823383711209177600
Rigidbody:
  m_ObjectHideFlags: 0
  m_CorrespondingSourceObject: {fileID: 0}
  m_PrefabInstance: {fileID: 0}
  m_PrefabAsset: {fileID: 0}
  m_GameObject: {fileID: 495821093544068357}
  serializedVersion: 2
  m_Mass: 1
  m_Drag: 0
  m_AngularDrag: 0.05
  m_UseGravity: 0
  m_IsKinematic: 1
  m_Interpolate: 0
  m_Constraints: 0
  m_CollisionDetection: 0
--- !u!1001 &1854464579
PrefabInstance:
  m_ObjectHideFlags: 0
  serializedVersion: 2
  m_Modification:
    m_TransformParent: {fileID: 495821093544068356}
    m_Modifications:
    - target: {fileID: -8679921383154817045, guid: db7340de557083240a9c0fdd2c227814,
        type: 3}
      propertyPath: m_LocalPosition.x
      value: 0
      objectReference: {fileID: 0}
    - target: {fileID: -8679921383154817045, guid: db7340de557083240a9c0fdd2c227814,
        type: 3}
      propertyPath: m_LocalPosition.y
      value: 0
      objectReference: {fileID: 0}
    - target: {fileID: -8679921383154817045, guid: db7340de557083240a9c0fdd2c227814,
        type: 3}
      propertyPath: m_LocalPosition.z
      value: 0
      objectReference: {fileID: 0}
    - target: {fileID: -8679921383154817045, guid: db7340de557083240a9c0fdd2c227814,
        type: 3}
      propertyPath: m_LocalRotation.x
      value: 0
      objectReference: {fileID: 0}
    - target: {fileID: -8679921383154817045, guid: db7340de557083240a9c0fdd2c227814,
        type: 3}
      propertyPath: m_LocalRotation.y
      value: 0
      objectReference: {fileID: 0}
    - target: {fileID: -8679921383154817045, guid: db7340de557083240a9c0fdd2c227814,
        type: 3}
      propertyPath: m_LocalRotation.z
      value: 0
      objectReference: {fileID: 0}
    - target: {fileID: -8679921383154817045, guid: db7340de557083240a9c0fdd2c227814,
        type: 3}
      propertyPath: m_LocalRotation.w
      value: 1
      objectReference: {fileID: 0}
    - target: {fileID: -8679921383154817045, guid: db7340de557083240a9c0fdd2c227814,
        type: 3}
      propertyPath: m_RootOrder
      value: 0
      objectReference: {fileID: 0}
    - target: {fileID: -8679921383154817045, guid: db7340de557083240a9c0fdd2c227814,
        type: 3}
      propertyPath: m_LocalEulerAnglesHint.x
      value: 0
      objectReference: {fileID: 0}
    - target: {fileID: -8679921383154817045, guid: db7340de557083240a9c0fdd2c227814,
        type: 3}
      propertyPath: m_LocalEulerAnglesHint.y
      value: 0
      objectReference: {fileID: 0}
    - target: {fileID: -8679921383154817045, guid: db7340de557083240a9c0fdd2c227814,
        type: 3}
      propertyPath: m_LocalEulerAnglesHint.z
      value: 0
      objectReference: {fileID: 0}
    - target: {fileID: -5184443539464994714, guid: db7340de557083240a9c0fdd2c227814,
        type: 3}
      propertyPath: m_Layer
      value: 11
      objectReference: {fileID: 0}
    - target: {fileID: 917980022137176923, guid: db7340de557083240a9c0fdd2c227814,
        type: 3}
      propertyPath: m_Layer
      value: 11
      objectReference: {fileID: 0}
    - target: {fileID: 919132149155446097, guid: db7340de557083240a9c0fdd2c227814,
        type: 3}
      propertyPath: m_Name
      value: PBuissonNeige
      objectReference: {fileID: 0}
    - target: {fileID: 919132149155446097, guid: db7340de557083240a9c0fdd2c227814,
        type: 3}
      propertyPath: m_Layer
      value: 11
      objectReference: {fileID: 0}
    - target: {fileID: 3097551142626323789, guid: db7340de557083240a9c0fdd2c227814,
        type: 3}
      propertyPath: m_Layer
      value: 11
      objectReference: {fileID: 0}
    m_RemovedComponents: []
  m_SourcePrefab: {fileID: 100100000, guid: db7340de557083240a9c0fdd2c227814, type: 3}
--- !u!4 &543450651845559720 stripped
Transform:
  m_CorrespondingSourceObject: {fileID: -8679921383154817045, guid: db7340de557083240a9c0fdd2c227814,
    type: 3}
  m_PrefabInstance: {fileID: 1854464579}
  m_PrefabAsset: {fileID: 0}
--- !u!1 &917980020434837784 stripped
GameObject:
  m_CorrespondingSourceObject: {fileID: 917980022137176923, guid: db7340de557083240a9c0fdd2c227814,
    type: 3}
  m_PrefabInstance: {fileID: 1854464579}
  m_PrefabAsset: {fileID: 0}
--- !u!23 &7286351376614510338 stripped
MeshRenderer:
  m_CorrespondingSourceObject: {fileID: 7286351375028563265, guid: db7340de557083240a9c0fdd2c227814,
    type: 3}
  m_PrefabInstance: {fileID: 1854464579}
  m_PrefabAsset: {fileID: 0}
--- !u!1 &3097551142046928654 stripped
GameObject:
  m_CorrespondingSourceObject: {fileID: 3097551142626323789, guid: db7340de557083240a9c0fdd2c227814,
    type: 3}
  m_PrefabInstance: {fileID: 1854464579}
  m_PrefabAsset: {fileID: 0}
--- !u!23 &5871523018748839906 stripped
MeshRenderer:
  m_CorrespondingSourceObject: {fileID: 5871523019058652577, guid: db7340de557083240a9c0fdd2c227814,
    type: 3}
  m_PrefabInstance: {fileID: 1854464579}
  m_PrefabAsset: {fileID: 0}
--- !u!1 &4038928497900921381 stripped
GameObject:
  m_CorrespondingSourceObject: {fileID: -5184443539464994714, guid: db7340de557083240a9c0fdd2c227814,
    type: 3}
  m_PrefabInstance: {fileID: 1854464579}
  m_PrefabAsset: {fileID: 0}
--- !u!23 &7602327073638105896 stripped
MeshRenderer:
  m_CorrespondingSourceObject: {fileID: 7602327073260052843, guid: db7340de557083240a9c0fdd2c227814,
    type: 3}
  m_PrefabInstance: {fileID: 1854464579}
  m_PrefabAsset: {fileID: 0}
