%YAML 1.1
%TAG !u! tag:unity3d.com,2011:
--- !u!1101 &-8235742783423584521
AnimatorStateTransition:
  m_ObjectHideFlags: 1
  m_CorrespondingSourceObject: {fileID: 0}
  m_PrefabInstance: {fileID: 0}
  m_PrefabAsset: {fileID: 0}
  m_Name: 
  m_Conditions:
  - m_ConditionMode: 7
    m_ConditionEvent: Step
    m_EventTreshold: 2
  m_DstStateMachine: {fileID: 0}
  m_DstState: {fileID: 962502969357498951}
  m_Solo: 0
  m_Mute: 0
  m_IsExit: 0
  serializedVersion: 3
  m_TransitionDuration: 0
  m_TransitionOffset: 0
  m_ExitTime: 1
  m_HasExitTime: 1
  m_HasFixedDuration: 1
  m_InterruptionSource: 0
  m_OrderedInterruption: 1
  m_CanTransitionToSelf: 1
--- !u!1101 &-720373884010000331
AnimatorStateTransition:
  m_ObjectHideFlags: 1
  m_CorrespondingSourceObject: {fileID: 0}
  m_PrefabInstance: {fileID: 0}
  m_PrefabAsset: {fileID: 0}
  m_Name: 
  m_Conditions:
  - m_ConditionMode: 6
    m_ConditionEvent: Step
    m_EventTreshold: 2
  m_DstStateMachine: {fileID: 0}
  m_DstState: {fileID: 6264210950610155134}
  m_Solo: 0
  m_Mute: 0
  m_IsExit: 0
  serializedVersion: 3
  m_TransitionDuration: 0
  m_TransitionOffset: 0
  m_ExitTime: 0.75
  m_HasExitTime: 0
  m_HasFixedDuration: 1
  m_InterruptionSource: 0
  m_OrderedInterruption: 1
  m_CanTransitionToSelf: 1
--- !u!91 &9100000
AnimatorController:
  m_ObjectHideFlags: 0
  m_CorrespondingSourceObject: {fileID: 0}
  m_PrefabInstance: {fileID: 0}
  m_PrefabAsset: {fileID: 0}
  m_Name: Buttons_Animator
  serializedVersion: 5
  m_AnimatorParameters:
  - m_Name: Step
    m_Type: 3
    m_DefaultFloat: 0
    m_DefaultInt: 0
    m_DefaultBool: 0
    m_Controller: {fileID: 0}
  m_AnimatorLayers:
  - serializedVersion: 5
    m_Name: Base Layer
    m_StateMachine: {fileID: 2391651394604849222}
    m_Mask: {fileID: 0}
    m_Motions: []
    m_Behaviours: []
    m_BlendingMode: 0
    m_SyncedLayerIndex: -1
    m_DefaultWeight: 0
    m_IKPass: 0
    m_SyncedLayerAffectsTiming: 0
    m_Controller: {fileID: 9100000}
--- !u!1102 &962502969357498951
AnimatorState:
  serializedVersion: 5
  m_ObjectHideFlags: 3
  m_CorrespondingSourceObject: {fileID: 0}
  m_PrefabInstance: {fileID: 0}
  m_PrefabAsset: {fileID: 0}
  m_Name: ButtonsAppear_Reverse
  m_Speed: -1
  m_CycleOffset: 0
  m_Transitions:
  - {fileID: 7983630500724483328}
  m_StateMachineBehaviours: []
  m_Position: {x: 50, y: 50, z: 0}
  m_IKOnFeet: 0
  m_WriteDefaultValues: 1
  m_Mirror: 0
  m_SpeedParameterActive: 0
  m_MirrorParameterActive: 0
  m_CycleOffsetParameterActive: 0
  m_TimeParameterActive: 0
  m_Motion: {fileID: 7400000, guid: d4e292102d9273e43824cbeae197bda8, type: 2}
  m_Tag: 
  m_SpeedParameter: 
  m_MirrorParameter: 
  m_CycleOffsetParameter: 
  m_TimeParameter: 
--- !u!1107 &2391651394604849222
AnimatorStateMachine:
  serializedVersion: 5
  m_ObjectHideFlags: 1
  m_CorrespondingSourceObject: {fileID: 0}
  m_PrefabInstance: {fileID: 0}
  m_PrefabAsset: {fileID: 0}
  m_Name: Base Layer
  m_ChildStates:
  - serializedVersion: 1
    m_State: {fileID: 6264210950610155134}
    m_Position: {x: 530, y: 0, z: 0}
  - serializedVersion: 1
    m_State: {fileID: 7781186089336600395}
    m_Position: {x: 290, y: 80, z: 0}
  - serializedVersion: 1
    m_State: {fileID: 962502969357498951}
    m_Position: {x: 530, y: 160, z: 0}
  m_ChildStateMachines: []
  m_AnyStateTransitions: []
  m_EntryTransitions: []
  m_StateMachineTransitions: {}
  m_StateMachineBehaviours: []
  m_AnyStatePosition: {x: 50, y: 20, z: 0}
  m_EntryPosition: {x: 50, y: 120, z: 0}
  m_ExitPosition: {x: 800, y: 120, z: 0}
  m_ParentStateMachinePosition: {x: 800, y: 20, z: 0}
  m_DefaultState: {fileID: 7781186089336600395}
--- !u!1102 &6264210950610155134
AnimatorState:
  serializedVersion: 5
  m_ObjectHideFlags: 1
  m_CorrespondingSourceObject: {fileID: 0}
  m_PrefabInstance: {fileID: 0}
  m_PrefabAsset: {fileID: 0}
  m_Name: ButtonsAppear
  m_Speed: 1
  m_CycleOffset: 0
  m_Transitions:
  - {fileID: -8235742783423584521}
  m_StateMachineBehaviours: []
  m_Position: {x: 50, y: 50, z: 0}
  m_IKOnFeet: 0
  m_WriteDefaultValues: 1
  m_Mirror: 0
  m_SpeedParameterActive: 0
  m_MirrorParameterActive: 0
  m_CycleOffsetParameterActive: 0
  m_TimeParameterActive: 0
  m_Motion: {fileID: 7400000, guid: d4e292102d9273e43824cbeae197bda8, type: 2}
  m_Tag: 
  m_SpeedParameter: 
  m_MirrorParameter: 
  m_CycleOffsetParameter: 
  m_TimeParameter: 
--- !u!1102 &7781186089336600395
AnimatorState:
  serializedVersion: 5
  m_ObjectHideFlags: 1
  m_CorrespondingSourceObject: {fileID: 0}
  m_PrefabInstance: {fileID: 0}
  m_PrefabAsset: {fileID: 0}
  m_Name: Wait
  m_Speed: 1
  m_CycleOffset: 0
  m_Transitions:
  - {fileID: -720373884010000331}
  m_StateMachineBehaviours: []
  m_Position: {x: 50, y: 50, z: 0}
  m_IKOnFeet: 0
  m_WriteDefaultValues: 1
  m_Mirror: 0
  m_SpeedParameterActive: 0
  m_MirrorParameterActive: 0
  m_CycleOffsetParameterActive: 0
  m_TimeParameterActive: 0
  m_Motion: {fileID: 0}
  m_Tag: 
  m_SpeedParameter: 
  m_MirrorParameter: 
  m_CycleOffsetParameter: 
  m_TimeParameter: 
--- !u!1101 &7983630500724483328
AnimatorStateTransition:
  m_ObjectHideFlags: 1
  m_CorrespondingSourceObject: {fileID: 0}
  m_PrefabInstance: {fileID: 0}
  m_PrefabAsset: {fileID: 0}
  m_Name: 
  m_Conditions:
  - m_ConditionMode: 6
    m_ConditionEvent: Step
    m_EventTreshold: 2
  m_DstStateMachine: {fileID: 0}
  m_DstState: {fileID: 6264210950610155134}
  m_Solo: 0
  m_Mute: 0
  m_IsExit: 0
  serializedVersion: 3
  m_TransitionDuration: 0
  m_TransitionOffset: 0
  m_ExitTime: 1
  m_HasExitTime: 1
  m_HasFixedDuration: 1
  m_InterruptionSource: 0
  m_OrderedInterruption: 1
  m_CanTransitionToSelf: 1
