%YAML 1.1
%TAG !u! tag:unity3d.com,2011:
--- !u!1 &213444270665875927
GameObject:
  m_ObjectHideFlags: 0
  m_CorrespondingSourceObject: {fileID: 0}
  m_PrefabInstance: {fileID: 0}
  m_PrefabAsset: {fileID: 0}
  serializedVersion: 6
  m_Component:
  - component: {fileID: 6198415932386935573}
  - component: {fileID: 316734963763398343}
  - component: {fileID: 2027196517336032231}
  - component: {fileID: 5156458262100979472}
  - component: {fileID: 4016920583976011990}
  - component: {fileID: 5384654378212288504}
  - component: {fileID: 4378429974118892735}
  m_Layer: 13
  m_Name: Fondue
  m_TagString: Untagged
  m_Icon: {fileID: 0}
  m_NavMeshLayer: 0
  m_StaticEditorFlags: 0
  m_IsActive: 1
--- !u!4 &6198415932386935573
Transform:
  m_ObjectHideFlags: 0
  m_CorrespondingSourceObject: {fileID: 0}
  m_PrefabInstance: {fileID: 0}
  m_PrefabAsset: {fileID: 0}
  m_GameObject: {fileID: 213444270665875927}
  m_LocalRotation: {x: 0, y: 0, z: 0, w: 1}
  m_LocalPosition: {x: 0, y: 0, z: 0}
  m_LocalScale: {x: 0.1, y: 0.1, z: 0.1}
  m_Children:
  - {fileID: 1241691447158980579}
  - {fileID: 2807902603789793712}
  - {fileID: 6516839683316782221}
  - {fileID: 4586295507853721563}
  - {fileID: 8376407655640598250}
  - {fileID: 3820746885219519357}
  - {fileID: 4561590876526192296}
  - {fileID: 5992814933834327616}
  m_Father: {fileID: 0}
  m_RootOrder: 0
  m_LocalEulerAnglesHint: {x: 0, y: 0, z: 0}
--- !u!33 &316734963763398343
MeshFilter:
  m_ObjectHideFlags: 0
  m_CorrespondingSourceObject: {fileID: 0}
  m_PrefabInstance: {fileID: 0}
  m_PrefabAsset: {fileID: 0}
  m_GameObject: {fileID: 213444270665875927}
  m_Mesh: {fileID: 289301614986012343, guid: 96a7c33bbf186df41998868392e94ed7, type: 3}
--- !u!23 &2027196517336032231
MeshRenderer:
  m_ObjectHideFlags: 0
  m_CorrespondingSourceObject: {fileID: 0}
  m_PrefabInstance: {fileID: 0}
  m_PrefabAsset: {fileID: 0}
  m_GameObject: {fileID: 213444270665875927}
  m_Enabled: 1
  m_CastShadows: 1
  m_ReceiveShadows: 1
  m_DynamicOccludee: 1
  m_MotionVectors: 1
  m_LightProbeUsage: 1
  m_ReflectionProbeUsage: 1
  m_RayTracingMode: 2
  m_RenderingLayerMask: 1
  m_RendererPriority: 0
  m_Materials:
  - {fileID: 2100000, guid: 868b4cb3bc045934b9aee0e9dbe74632, type: 2}
  m_StaticBatchInfo:
    firstSubMesh: 0
    subMeshCount: 0
  m_StaticBatchRoot: {fileID: 0}
  m_ProbeAnchor: {fileID: 0}
  m_LightProbeVolumeOverride: {fileID: 0}
  m_ScaleInLightmap: 1
  m_ReceiveGI: 1
  m_PreserveUVs: 0
  m_IgnoreNormalsForChartDetection: 0
  m_ImportantGI: 0
  m_StitchLightmapSeams: 1
  m_SelectedEditorRenderState: 3
  m_MinimumChartSize: 4
  m_AutoUVMaxDistance: 0.5
  m_AutoUVMaxAngle: 89
  m_LightmapParameters: {fileID: 0}
  m_SortingLayerID: 0
  m_SortingLayer: 0
  m_SortingOrder: 0
--- !u!135 &5156458262100979472
SphereCollider:
  m_ObjectHideFlags: 0
  m_CorrespondingSourceObject: {fileID: 0}
  m_PrefabInstance: {fileID: 0}
  m_PrefabAsset: {fileID: 0}
  m_GameObject: {fileID: 213444270665875927}
  m_Material: {fileID: 0}
  m_IsTrigger: 1
  m_Enabled: 1
  serializedVersion: 2
  m_Radius: 0.5
  m_Center: {x: 0, y: 0, z: 0}
--- !u!114 &4016920583976011990
MonoBehaviour:
  m_ObjectHideFlags: 0
  m_CorrespondingSourceObject: {fileID: 0}
  m_PrefabInstance: {fileID: 0}
  m_PrefabAsset: {fileID: 0}
  m_GameObject: {fileID: 213444270665875927}
  m_Enabled: 1
  m_EditorHideFlags: 0
  m_Script: {fileID: 11500000, guid: f1b3928f8c547054e9668123edd3c39c, type: 3}
  m_Name: 
  m_EditorClassIdentifier: 
  objectType: 1
  myPlayer: {fileID: 0}
  transfVectA: {fileID: 1241691447158980579}
  transfVectB: {fileID: 2807902603789793712}
  transfVectC: {fileID: 6516839683316782221}
  transfBackVectB: {fileID: 4586295507853721563}
  transfBackVectC: {fileID: 8376407655640598250}
  speedProjectile: 1
  explosionGo: {fileID: 0}
  expansionSizeMax: {x: 5, y: 5, z: 5}
  speedExplo: 20
  timeExpansionStay: 7
  splashFondueGo: {fileID: 3100675096391294089}
  fondueCanStopMe: 1
  isBackFire: 0
  paramConfusionLerpMax: {x: 5, y: 500, z: 0.9, w: 50}
  paramConfusionLerpMin: {x: -3, y: 0, z: 1.2, w: 0}
  paramConfusionLerpSpeed: {x: 1, y: 1, z: 1, w: 1}
--- !u!114 &5384654378212288504
MonoBehaviour:
  m_ObjectHideFlags: 0
  m_CorrespondingSourceObject: {fileID: 0}
  m_PrefabInstance: {fileID: 0}
  m_PrefabAsset: {fileID: 0}
  m_GameObject: {fileID: 213444270665875927}
  m_Enabled: 1
  m_EditorHideFlags: 0
  m_Script: {fileID: 11500000, guid: 627855c7f81362d41938ffe0b1475957, type: 3}
  m_Name: 
  m_EditorClassIdentifier: 
  m_SynchronizePosition: 1
  m_SynchronizeRotation: 1
  m_SynchronizeScale: 1
  m_UseLocal: 1
--- !u!114 &4378429974118892735
MonoBehaviour:
  m_ObjectHideFlags: 0
  m_CorrespondingSourceObject: {fileID: 0}
  m_PrefabInstance: {fileID: 0}
  m_PrefabAsset: {fileID: 0}
  m_GameObject: {fileID: 213444270665875927}
  m_Enabled: 1
  m_EditorHideFlags: 0
  m_Script: {fileID: 11500000, guid: aa584fbee541324448dd18d8409c7a41, type: 3}
  m_Name: 
  m_EditorClassIdentifier: 
  ObservedComponentsFoldoutOpen: 1
  Group: 0
  prefixField: -1
  Synchronization: 3
  OwnershipTransfer: 0
  observableSearch: 2
  ObservedComponents:
  - {fileID: 5384654378212288504}
  sceneViewId: 0
  InstantiationId: 0
  isRuntimeInstantiated: 0
--- !u!1 &1630172172905241373
GameObject:
  m_ObjectHideFlags: 0
  m_CorrespondingSourceObject: {fileID: 0}
  m_PrefabInstance: {fileID: 0}
  m_PrefabAsset: {fileID: 0}
  serializedVersion: 6
  m_Component:
  - component: {fileID: 4586295507853721563}
  m_Layer: 0
  m_Name: 'LerpBackVectorB '
  m_TagString: Untagged
  m_Icon: {fileID: 0}
  m_NavMeshLayer: 0
  m_StaticEditorFlags: 0
  m_IsActive: 1
--- !u!4 &4586295507853721563
Transform:
  m_ObjectHideFlags: 0
  m_CorrespondingSourceObject: {fileID: 0}
  m_PrefabInstance: {fileID: 0}
  m_PrefabAsset: {fileID: 0}
  m_GameObject: {fileID: 1630172172905241373}
  m_LocalRotation: {x: 0, y: 0, z: 0, w: 1}
  m_LocalPosition: {x: 0, y: 5, z: -10}
  m_LocalScale: {x: 1, y: 1, z: 1}
  m_Children: []
  m_Father: {fileID: 6198415932386935573}
  m_RootOrder: 3
  m_LocalEulerAnglesHint: {x: 0, y: 0, z: 0}
--- !u!64 &4705440194937441460
MeshCollider:
  m_ObjectHideFlags: 0
  m_CorrespondingSourceObject: {fileID: 0}
  m_PrefabInstance: {fileID: 0}
  m_PrefabAsset: {fileID: 0}
  m_GameObject: {fileID: 1988509572770455920}
  m_Material: {fileID: 0}
  m_IsTrigger: 1
  m_Enabled: 1
  serializedVersion: 4
  m_Convex: 1
  m_CookingOptions: 30
  m_Mesh: {fileID: 289301614986012343, guid: 5ae6d4937d4382a40a17becad7ed268b, type: 3}
--- !u!1 &2419425656390777449
GameObject:
  m_ObjectHideFlags: 0
  m_CorrespondingSourceObject: {fileID: 0}
  m_PrefabInstance: {fileID: 0}
  m_PrefabAsset: {fileID: 0}
  serializedVersion: 6
  m_Component:
  - component: {fileID: 6516839683316782221}
  m_Layer: 0
  m_Name: LerpVectorC
  m_TagString: Untagged
  m_Icon: {fileID: 0}
  m_NavMeshLayer: 0
  m_StaticEditorFlags: 0
  m_IsActive: 1
--- !u!4 &6516839683316782221
Transform:
  m_ObjectHideFlags: 0
  m_CorrespondingSourceObject: {fileID: 0}
  m_PrefabInstance: {fileID: 0}
  m_PrefabAsset: {fileID: 0}
  m_GameObject: {fileID: 2419425656390777449}
  m_LocalRotation: {x: 0, y: 0, z: 0, w: 1}
  m_LocalPosition: {x: 0, y: -10, z: 80}
  m_LocalScale: {x: 1, y: 1, z: 1}
  m_Children: []
  m_Father: {fileID: 6198415932386935573}
  m_RootOrder: 2
  m_LocalEulerAnglesHint: {x: 0, y: 0, z: 0}
--- !u!1 &2650450845148968455
GameObject:
  m_ObjectHideFlags: 0
  m_CorrespondingSourceObject: {fileID: 0}
  m_PrefabInstance: {fileID: 0}
  m_PrefabAsset: {fileID: 0}
  serializedVersion: 6
  m_Component:
  - component: {fileID: 8376407655640598250}
  m_Layer: 0
  m_Name: LerpBackVectorC
  m_TagString: Untagged
  m_Icon: {fileID: 0}
  m_NavMeshLayer: 0
  m_StaticEditorFlags: 0
  m_IsActive: 1
--- !u!4 &8376407655640598250
Transform:
  m_ObjectHideFlags: 0
  m_CorrespondingSourceObject: {fileID: 0}
  m_PrefabInstance: {fileID: 0}
  m_PrefabAsset: {fileID: 0}
  m_GameObject: {fileID: 2650450845148968455}
  m_LocalRotation: {x: 0, y: 0, z: 0, w: 1}
  m_LocalPosition: {x: 0, y: -5, z: -20}
  m_LocalScale: {x: 1, y: 1, z: 1}
  m_Children: []
  m_Father: {fileID: 6198415932386935573}
  m_RootOrder: 4
  m_LocalEulerAnglesHint: {x: 0, y: 0, z: 0}
--- !u!1 &2896905930734178794
GameObject:
  m_ObjectHideFlags: 0
  m_CorrespondingSourceObject: {fileID: 0}
  m_PrefabInstance: {fileID: 0}
  m_PrefabAsset: {fileID: 0}
  serializedVersion: 6
  m_Component:
  - component: {fileID: 2807902603789793712}
  m_Layer: 0
  m_Name: LerpVectorB
  m_TagString: Untagged
  m_Icon: {fileID: 0}
  m_NavMeshLayer: 0
  m_StaticEditorFlags: 0
  m_IsActive: 1
--- !u!4 &2807902603789793712
Transform:
  m_ObjectHideFlags: 0
  m_CorrespondingSourceObject: {fileID: 0}
  m_PrefabInstance: {fileID: 0}
  m_PrefabAsset: {fileID: 0}
  m_GameObject: {fileID: 2896905930734178794}
  m_LocalRotation: {x: 0, y: 0, z: 0, w: 1}
  m_LocalPosition: {x: 0, y: 15, z: 40}
  m_LocalScale: {x: 1, y: 1, z: 1}
  m_Children: []
  m_Father: {fileID: 6198415932386935573}
  m_RootOrder: 1
  m_LocalEulerAnglesHint: {x: 0, y: 0, z: 0}
--- !u!1 &3100675096391294089
GameObject:
  m_ObjectHideFlags: 0
  m_CorrespondingSourceObject: {fileID: 0}
  m_PrefabInstance: {fileID: 0}
  m_PrefabAsset: {fileID: 0}
  serializedVersion: 6
  m_Component:
  - component: {fileID: 3820746885219519357}
  m_Layer: 0
  m_Name: ZoneFondudue
  m_TagString: Untagged
  m_Icon: {fileID: 0}
  m_NavMeshLayer: 0
  m_StaticEditorFlags: 0
  m_IsActive: 0
--- !u!4 &3820746885219519357
Transform:
  m_ObjectHideFlags: 0
  m_CorrespondingSourceObject: {fileID: 0}
  m_PrefabInstance: {fileID: 0}
  m_PrefabAsset: {fileID: 0}
  m_GameObject: {fileID: 3100675096391294089}
  m_LocalRotation: {x: 0, y: 0, z: 0, w: 1}
  m_LocalPosition: {x: 0, y: 0, z: 0}
  m_LocalScale: {x: 1, y: 1, z: 1}
  m_Children:
  - {fileID: 5740145652715809460}
  m_Father: {fileID: 6198415932386935573}
  m_RootOrder: 5
  m_LocalEulerAnglesHint: {x: 0, y: 0, z: 0}
--- !u!1 &3207557220851512646
GameObject:
  m_ObjectHideFlags: 0
  m_CorrespondingSourceObject: {fileID: 0}
  m_PrefabInstance: {fileID: 0}
  m_PrefabAsset: {fileID: 0}
  serializedVersion: 6
  m_Component:
  - component: {fileID: 5992814933834327616}
  - component: {fileID: 7433407924357247353}
  - component: {fileID: 1461334080463617204}
  m_Layer: 0
  m_Name: SparkGrenade (1)
  m_TagString: Untagged
  m_Icon: {fileID: 0}
  m_NavMeshLayer: 0
  m_StaticEditorFlags: 0
  m_IsActive: 1
--- !u!4 &5992814933834327616
Transform:
  m_ObjectHideFlags: 0
  m_CorrespondingSourceObject: {fileID: 0}
  m_PrefabInstance: {fileID: 0}
  m_PrefabAsset: {fileID: 0}
  m_GameObject: {fileID: 3207557220851512646}
  m_LocalRotation: {x: -0, y: -0, z: -0, w: 1}
  m_LocalPosition: {x: 0, y: 0, z: 0}
  m_LocalScale: {x: 0.10000001, y: 0.10000001, z: 0.10000001}
  m_Children: []
  m_Father: {fileID: 6198415932386935573}
  m_RootOrder: 7
  m_LocalEulerAnglesHint: {x: 0, y: 0, z: 0}
--- !u!2083052967 &7433407924357247353
VisualEffect:
  m_ObjectHideFlags: 0
  m_CorrespondingSourceObject: {fileID: 0}
  m_PrefabInstance: {fileID: 0}
  m_PrefabAsset: {fileID: 0}
  m_GameObject: {fileID: 3207557220851512646}
  m_Enabled: 1
  m_Asset: {fileID: 8926484042661614526, guid: 9b4e712f03549314cae6f0b58e5cc7ca, type: 3}
  m_InitialEventName: OnPlay
  m_InitialEventNameOverriden: 0
  m_StartSeed: 0
  m_ResetSeedOnPlay: 1
  m_PropertySheet:
    m_Float:
      m_Array:
      - m_Value: 0.5
        m_Name: ScaleSpanwSPhere
        m_Overridden: 1
      - m_Value: 4
        m_Name: Scale
        m_Overridden: 1
    m_Vector2f:
      m_Array:
      - m_Value: {x: 5, y: 10}
        m_Name: NbParticules
        m_Overridden: 1
      - m_Value: {x: 0.2, y: 2}
        m_Name: MinMaxLifetime
        m_Overridden: 1
    m_Vector3f:
      m_Array: []
    m_Vector4f:
      m_Array: []
    m_Uint:
      m_Array: []
    m_Int:
      m_Array: []
    m_Matrix4x4f:
      m_Array: []
    m_AnimationCurve:
      m_Array: []
    m_Gradient:
      m_Array:
      - m_Value:
          serializedVersion: 2
          key0: {r: 1.4980392, g: 1.3960785, b: 0, a: 1}
          key1: {r: 1.4980392, g: 0.63529414, b: 0, a: 1}
          key2: {r: 11.984314, g: 0, b: 0.21286188, a: 0.8627451}
          key3: {r: 1.9294118, g: 0, b: 0.039215688, a: 0}
          key4: {r: 0.1882353, g: 0.023529412, b: 0.023529412, a: 0}
          key5: {r: 0, g: 0, b: 0, a: 0}
          key6: {r: 0, g: 0, b: 0, a: 0}
          key7: {r: 0, g: 0, b: 0, a: 0}
          ctime0: 0
          ctime1: 65535
          ctime2: 65535
          ctime3: 35659
          ctime4: 48380
          ctime5: 0
          ctime6: 0
          ctime7: 0
          atime0: 0
          atime1: 65535
          atime2: 61102
          atime3: 65535
          atime4: 0
          atime5: 0
          atime6: 0
          atime7: 0
          m_Mode: 0
          m_NumColorKeys: 2
          m_NumAlphaKeys: 2
        m_Name: ColorGradient
        m_Overridden: 1
    m_NamedObject:
      m_Array: []
    m_Bool:
      m_Array: []
--- !u!73398921 &1461334080463617204
VFXRenderer:
  m_ObjectHideFlags: 0
  m_CorrespondingSourceObject: {fileID: 0}
  m_PrefabInstance: {fileID: 0}
  m_PrefabAsset: {fileID: 0}
  m_GameObject: {fileID: 3207557220851512646}
  m_Enabled: 1
  m_CastShadows: 0
  m_ReceiveShadows: 0
  m_DynamicOccludee: 1
  m_MotionVectors: 0
  m_LightProbeUsage: 0
  m_ReflectionProbeUsage: 0
  m_RayTracingMode: 0
  m_RenderingLayerMask: 1
  m_RendererPriority: 0
  m_Materials:
  - {fileID: 0}
  m_StaticBatchInfo:
    firstSubMesh: 0
    subMeshCount: 0
  m_StaticBatchRoot: {fileID: 0}
  m_ProbeAnchor: {fileID: 0}
  m_LightProbeVolumeOverride: {fileID: 0}
  m_ScaleInLightmap: 1
  m_ReceiveGI: 1
  m_PreserveUVs: 0
  m_IgnoreNormalsForChartDetection: 0
  m_ImportantGI: 0
  m_StitchLightmapSeams: 1
  m_SelectedEditorRenderState: 3
  m_MinimumChartSize: 4
  m_AutoUVMaxDistance: 0.5
  m_AutoUVMaxAngle: 89
  m_LightmapParameters: {fileID: 0}
  m_SortingLayerID: 0
  m_SortingLayer: 0
  m_SortingOrder: 0
--- !u!1 &3921311872688664845
GameObject:
  m_ObjectHideFlags: 0
  m_CorrespondingSourceObject: {fileID: 0}
  m_PrefabInstance: {fileID: 0}
  m_PrefabAsset: {fileID: 0}
  serializedVersion: 6
  m_Component:
  - component: {fileID: 1241691447158980579}
  m_Layer: 0
  m_Name: LerpVectorA
  m_TagString: Untagged
  m_Icon: {fileID: 0}
  m_NavMeshLayer: 0
  m_StaticEditorFlags: 0
  m_IsActive: 1
--- !u!4 &1241691447158980579
Transform:
  m_ObjectHideFlags: 0
  m_CorrespondingSourceObject: {fileID: 0}
  m_PrefabInstance: {fileID: 0}
  m_PrefabAsset: {fileID: 0}
  m_GameObject: {fileID: 3921311872688664845}
  m_LocalRotation: {x: 0, y: 0, z: 0, w: 1}
  m_LocalPosition: {x: 0, y: 0, z: 0}
  m_LocalScale: {x: 1, y: 1, z: 1}
  m_Children: []
  m_Father: {fileID: 6198415932386935573}
  m_RootOrder: 0
  m_LocalEulerAnglesHint: {x: 0, y: 0, z: 0}
--- !u!1001 &2563112525443253065
PrefabInstance:
  m_ObjectHideFlags: 0
  serializedVersion: 2
  m_Modification:
    m_TransformParent: {fileID: 3820746885219519357}
    m_Modifications:
    - target: {fileID: 355380374927013670, guid: 4e5513d9f09e2d84b972526e3bd52187,
        type: 3}
      propertyPath: m_Mesh
      value: 
      objectReference: {fileID: 289301614986012343, guid: 5ae6d4937d4382a40a17becad7ed268b,
        type: 3}
    - target: {fileID: 3678705716163649725, guid: 4e5513d9f09e2d84b972526e3bd52187,
        type: 3}
      propertyPath: m_Materials.Array.data[0]
      value: 
      objectReference: {fileID: 0}
    - target: {fileID: 3678705716163649725, guid: 4e5513d9f09e2d84b972526e3bd52187,
        type: 3}
      propertyPath: m_Materials.Array.data[1]
      value: 
      objectReference: {fileID: 0}
    - target: {fileID: 3678705716163649725, guid: 4e5513d9f09e2d84b972526e3bd52187,
        type: 3}
      propertyPath: m_Enabled
      value: 0
      objectReference: {fileID: 0}
    - target: {fileID: 3995861573146541039, guid: 4e5513d9f09e2d84b972526e3bd52187,
        type: 3}
      propertyPath: m_Name
      value: ZoneFondu
      objectReference: {fileID: 0}
    - target: {fileID: 3995861573146541039, guid: 4e5513d9f09e2d84b972526e3bd52187,
        type: 3}
      propertyPath: m_TagString
      value: Untagged
      objectReference: {fileID: 0}
    - target: {fileID: 4038211164752323129, guid: 4e5513d9f09e2d84b972526e3bd52187,
        type: 3}
      propertyPath: m_TagString
      value: FondueTrigger
      objectReference: {fileID: 0}
    - target: {fileID: 7798855002306816509, guid: 4e5513d9f09e2d84b972526e3bd52187,
        type: 3}
      propertyPath: m_LocalPosition.x
      value: 0
      objectReference: {fileID: 0}
    - target: {fileID: 7798855002306816509, guid: 4e5513d9f09e2d84b972526e3bd52187,
        type: 3}
      propertyPath: m_LocalPosition.y
      value: 0
      objectReference: {fileID: 0}
    - target: {fileID: 7798855002306816509, guid: 4e5513d9f09e2d84b972526e3bd52187,
        type: 3}
      propertyPath: m_LocalPosition.z
      value: 0
      objectReference: {fileID: 0}
    - target: {fileID: 7798855002306816509, guid: 4e5513d9f09e2d84b972526e3bd52187,
        type: 3}
      propertyPath: m_LocalRotation.x
      value: 0.7071068
      objectReference: {fileID: 0}
    - target: {fileID: 7798855002306816509, guid: 4e5513d9f09e2d84b972526e3bd52187,
        type: 3}
      propertyPath: m_LocalRotation.y
      value: 0
      objectReference: {fileID: 0}
    - target: {fileID: 7798855002306816509, guid: 4e5513d9f09e2d84b972526e3bd52187,
        type: 3}
      propertyPath: m_LocalRotation.z
      value: 0
      objectReference: {fileID: 0}
    - target: {fileID: 7798855002306816509, guid: 4e5513d9f09e2d84b972526e3bd52187,
        type: 3}
      propertyPath: m_LocalRotation.w
      value: 0.7071068
      objectReference: {fileID: 0}
    - target: {fileID: 7798855002306816509, guid: 4e5513d9f09e2d84b972526e3bd52187,
        type: 3}
      propertyPath: m_RootOrder
      value: 0
      objectReference: {fileID: 0}
    - target: {fileID: 7798855002306816509, guid: 4e5513d9f09e2d84b972526e3bd52187,
        type: 3}
      propertyPath: m_LocalEulerAnglesHint.x
      value: 90
      objectReference: {fileID: 0}
    - target: {fileID: 7798855002306816509, guid: 4e5513d9f09e2d84b972526e3bd52187,
        type: 3}
      propertyPath: m_LocalEulerAnglesHint.y
      value: 0
      objectReference: {fileID: 0}
    - target: {fileID: 7798855002306816509, guid: 4e5513d9f09e2d84b972526e3bd52187,
        type: 3}
      propertyPath: m_LocalEulerAnglesHint.z
      value: 0
      objectReference: {fileID: 0}
    m_RemovedComponents: []
  m_SourcePrefab: {fileID: 100100000, guid: 4e5513d9f09e2d84b972526e3bd52187, type: 3}
--- !u!4 &5740145652715809460 stripped
Transform:
  m_CorrespondingSourceObject: {fileID: 7798855002306816509, guid: 4e5513d9f09e2d84b972526e3bd52187,
    type: 3}
  m_PrefabInstance: {fileID: 2563112525443253065}
  m_PrefabAsset: {fileID: 0}
--- !u!1 &1988509572770455920 stripped
GameObject:
  m_CorrespondingSourceObject: {fileID: 4038211164752323129, guid: 4e5513d9f09e2d84b972526e3bd52187,
    type: 3}
  m_PrefabInstance: {fileID: 2563112525443253065}
  m_PrefabAsset: {fileID: 0}
--- !u!1001 &3932016187096231574
PrefabInstance:
  m_ObjectHideFlags: 0
  serializedVersion: 2
  m_Modification:
    m_TransformParent: {fileID: 6198415932386935573}
    m_Modifications:
    - target: {fileID: 711381103967407069, guid: 6d1845b062553014c9dc1a7289777684,
        type: 3}
      propertyPath: m_IsTrigger
      value: 1
      objectReference: {fileID: 0}
    - target: {fileID: 711381104421324861, guid: 6d1845b062553014c9dc1a7289777684,
        type: 3}
      propertyPath: m_Name
      value: ZoneFromage
      objectReference: {fileID: 0}
    - target: {fileID: 711381104421324861, guid: 6d1845b062553014c9dc1a7289777684,
        type: 3}
      propertyPath: m_IsActive
      value: 0
      objectReference: {fileID: 0}
    - target: {fileID: 711381104421324862, guid: 6d1845b062553014c9dc1a7289777684,
        type: 3}
      propertyPath: m_LocalPosition.x
      value: 0
      objectReference: {fileID: 0}
    - target: {fileID: 711381104421324862, guid: 6d1845b062553014c9dc1a7289777684,
        type: 3}
      propertyPath: m_LocalPosition.y
      value: 0
      objectReference: {fileID: 0}
    - target: {fileID: 711381104421324862, guid: 6d1845b062553014c9dc1a7289777684,
        type: 3}
      propertyPath: m_LocalPosition.z
      value: 0
      objectReference: {fileID: 0}
    - target: {fileID: 711381104421324862, guid: 6d1845b062553014c9dc1a7289777684,
        type: 3}
      propertyPath: m_LocalRotation.x
      value: 0.7071068
      objectReference: {fileID: 0}
    - target: {fileID: 711381104421324862, guid: 6d1845b062553014c9dc1a7289777684,
        type: 3}
      propertyPath: m_LocalRotation.y
      value: 0
      objectReference: {fileID: 0}
    - target: {fileID: 711381104421324862, guid: 6d1845b062553014c9dc1a7289777684,
        type: 3}
      propertyPath: m_LocalRotation.z
      value: 0
      objectReference: {fileID: 0}
    - target: {fileID: 711381104421324862, guid: 6d1845b062553014c9dc1a7289777684,
        type: 3}
      propertyPath: m_LocalRotation.w
      value: 0.7071068
      objectReference: {fileID: 0}
    - target: {fileID: 711381104421324862, guid: 6d1845b062553014c9dc1a7289777684,
        type: 3}
      propertyPath: m_RootOrder
      value: 6
      objectReference: {fileID: 0}
    - target: {fileID: 711381104421324862, guid: 6d1845b062553014c9dc1a7289777684,
        type: 3}
      propertyPath: m_LocalEulerAnglesHint.x
      value: 90
      objectReference: {fileID: 0}
    - target: {fileID: 711381104421324862, guid: 6d1845b062553014c9dc1a7289777684,
        type: 3}
      propertyPath: m_LocalEulerAnglesHint.y
      value: 0
      objectReference: {fileID: 0}
    - target: {fileID: 711381104421324862, guid: 6d1845b062553014c9dc1a7289777684,
        type: 3}
      propertyPath: m_LocalEulerAnglesHint.z
      value: 0
      objectReference: {fileID: 0}
    - target: {fileID: 711381104421324862, guid: 6d1845b062553014c9dc1a7289777684,
        type: 3}
      propertyPath: m_LocalScale.y
      value: 1
      objectReference: {fileID: 0}
    - target: {fileID: 3128891370622745704, guid: 6d1845b062553014c9dc1a7289777684,
        type: 3}
      propertyPath: m_Materials.Array.data[0]
      value: 
      objectReference: {fileID: 0}
    - target: {fileID: 3128891370622745705, guid: 6d1845b062553014c9dc1a7289777684,
        type: 3}
      propertyPath: m_Enabled
      value: 0
      objectReference: {fileID: 0}
    m_RemovedComponents: []
  m_SourcePrefab: {fileID: 100100000, guid: 6d1845b062553014c9dc1a7289777684, type: 3}
--- !u!4 &4561590876526192296 stripped
Transform:
  m_CorrespondingSourceObject: {fileID: 711381104421324862, guid: 6d1845b062553014c9dc1a7289777684,
    type: 3}
  m_PrefabInstance: {fileID: 3932016187096231574}
  m_PrefabAsset: {fileID: 0}
