%YAML 1.1
%TAG !u! tag:unity3d.com,2011:
--- !u!1 &400597136819229224
GameObject:
  m_ObjectHideFlags: 0
  m_CorrespondingSourceObject: {fileID: 0}
  m_PrefabInstance: {fileID: 0}
  m_PrefabAsset: {fileID: 0}
  serializedVersion: 6
  m_Component:
  - component: {fileID: 1784906372077803136}
  - component: {fileID: 383806133130913909}
  m_Layer: 9
  m_Name: CollisionObstacle
  m_TagString: DestructibleObstacle
  m_Icon: {fileID: 0}
  m_NavMeshLayer: 0
  m_StaticEditorFlags: 0
  m_IsActive: 1
--- !u!4 &1784906372077803136
Transform:
  m_ObjectHideFlags: 0
  m_CorrespondingSourceObject: {fileID: 0}
  m_PrefabInstance: {fileID: 0}
  m_PrefabAsset: {fileID: 0}
  m_GameObject: {fileID: 400597136819229224}
  m_LocalRotation: {x: 0.7071067, y: 0.000000030908616, z: -0.000000030908623, w: 0.7071068}
  m_LocalPosition: {x: 0, y: 0, z: 0}
  m_LocalScale: {x: 0.005, y: 0.005000001, z: 0.005000001}
  m_Children: []
  m_Father: {fileID: 5523334427893249885}
  m_RootOrder: 1
  m_LocalEulerAnglesHint: {x: 0, y: 0, z: 0}
--- !u!65 &383806133130913909
BoxCollider:
  m_ObjectHideFlags: 0
  m_CorrespondingSourceObject: {fileID: 0}
  m_PrefabInstance: {fileID: 0}
  m_PrefabAsset: {fileID: 0}
  m_GameObject: {fileID: 400597136819229224}
  m_Material: {fileID: 0}
  m_IsTrigger: 0
  m_Enabled: 1
  serializedVersion: 2
  m_Size: {x: 1, y: 5.7310057, z: 1}
  m_Center: {x: 0, y: 2.3655028, z: 0}
--- !u!1 &3465814083931907259
GameObject:
  m_ObjectHideFlags: 0
  m_CorrespondingSourceObject: {fileID: 0}
  m_PrefabInstance: {fileID: 0}
  m_PrefabAsset: {fileID: 0}
  serializedVersion: 6
  m_Component:
  - component: {fileID: 5630445422533092370}
  - component: {fileID: 3598987309235452442}
  m_Layer: 10
  m_Name: TriggerObstacle
  m_TagString: DestructibleObstacle
  m_Icon: {fileID: 0}
  m_NavMeshLayer: 0
  m_StaticEditorFlags: 0
  m_IsActive: 1
--- !u!4 &5630445422533092370
Transform:
  m_ObjectHideFlags: 0
  m_CorrespondingSourceObject: {fileID: 0}
  m_PrefabInstance: {fileID: 0}
  m_PrefabAsset: {fileID: 0}
  m_GameObject: {fileID: 3465814083931907259}
  m_LocalRotation: {x: 0, y: 0, z: 0, w: 1}
  m_LocalPosition: {x: 0, y: 0, z: 0}
  m_LocalScale: {x: 1, y: 1, z: 1}
  m_Children: []
  m_Father: {fileID: 5416821107042874516}
  m_RootOrder: 1
  m_LocalEulerAnglesHint: {x: 0, y: 0, z: 0}
--- !u!65 &3598987309235452442
BoxCollider:
  m_ObjectHideFlags: 0
  m_CorrespondingSourceObject: {fileID: 0}
  m_PrefabInstance: {fileID: 0}
  m_PrefabAsset: {fileID: 0}
  m_GameObject: {fileID: 3465814083931907259}
  m_Material: {fileID: 0}
  m_IsTrigger: 1
  m_Enabled: 1
  serializedVersion: 2
  m_Size: {x: 4.814962, y: 10.523875, z: 1}
  m_Center: {x: 0.0489614, y: 4.7619376, z: 0}
--- !u!1 &5416821107042874519
GameObject:
  m_ObjectHideFlags: 0
  m_CorrespondingSourceObject: {fileID: 0}
  m_PrefabInstance: {fileID: 0}
  m_PrefabAsset: {fileID: 0}
  serializedVersion: 6
  m_Component:
  - component: {fileID: 5416821107042874516}
  - component: {fileID: 8541878801402873905}
  - component: {fileID: 8374158683894951951}
  m_Layer: 0
  m_Name: PanneauAttention
  m_TagString: DestructibleObstacle
  m_Icon: {fileID: 0}
  m_NavMeshLayer: 0
  m_StaticEditorFlags: 0
  m_IsActive: 1
--- !u!4 &5416821107042874516
Transform:
  m_ObjectHideFlags: 0
  m_CorrespondingSourceObject: {fileID: 0}
  m_PrefabInstance: {fileID: 0}
  m_PrefabAsset: {fileID: 0}
  m_GameObject: {fileID: 5416821107042874519}
  m_LocalRotation: {x: 0, y: 0, z: 0, w: 1}
  m_LocalPosition: {x: 0, y: 0, z: 0}
  m_LocalScale: {x: 1, y: 1, z: 1}
  m_Children:
  - {fileID: 5523334427893249885}
  - {fileID: 5630445422533092370}
  m_Father: {fileID: 0}
  m_RootOrder: 0
  m_LocalEulerAnglesHint: {x: 0, y: 0, z: 0}
--- !u!54 &8541878801402873905
Rigidbody:
  m_ObjectHideFlags: 0
  m_CorrespondingSourceObject: {fileID: 0}
  m_PrefabInstance: {fileID: 0}
  m_PrefabAsset: {fileID: 0}
  m_GameObject: {fileID: 5416821107042874519}
  serializedVersion: 2
  m_Mass: 1
  m_Drag: 0
  m_AngularDrag: 0.05
  m_UseGravity: 1
  m_IsKinematic: 1
  m_Interpolate: 0
  m_Constraints: 0
  m_CollisionDetection: 0
--- !u!114 &8374158683894951951
MonoBehaviour:
  m_ObjectHideFlags: 0
  m_CorrespondingSourceObject: {fileID: 0}
  m_PrefabInstance: {fileID: 0}
  m_PrefabAsset: {fileID: 0}
  m_GameObject: {fileID: 5416821107042874519}
  m_Enabled: 1
  m_EditorHideFlags: 0
  m_Script: {fileID: 11500000, guid: a8e642bc047967b49b9d04d94ddf045a, type: 3}
  m_Name: 
  m_EditorClassIdentifier: 
  isATree: 0
  isAStalactite: 0
  isFlying: 0
--- !u!64 &5632097149228956720
MeshCollider:
  m_ObjectHideFlags: 0
  m_CorrespondingSourceObject: {fileID: 0}
  m_PrefabInstance: {fileID: 0}
  m_PrefabAsset: {fileID: 0}
  m_GameObject: {fileID: 6946374824153687089}
  m_Material: {fileID: 0}
  m_IsTrigger: 0
  m_Enabled: 1
  serializedVersion: 4
  m_Convex: 0
  m_CookingOptions: 30
  m_Mesh: {fileID: 4946642672859417211, guid: 9724b2da5acb37d45a0418691e9d19f5, type: 3}
--- !u!1001 &5416821105429991606
PrefabInstance:
  m_ObjectHideFlags: 0
  serializedVersion: 2
  m_Modification:
    m_TransformParent: {fileID: 5416821107042874516}
    m_Modifications:
    - target: {fileID: -8679921383154817045, guid: 9724b2da5acb37d45a0418691e9d19f5,
        type: 3}
      propertyPath: m_LocalPosition.x
      value: 0
      objectReference: {fileID: 0}
    - target: {fileID: -8679921383154817045, guid: 9724b2da5acb37d45a0418691e9d19f5,
        type: 3}
      propertyPath: m_LocalPosition.y
      value: 0
      objectReference: {fileID: 0}
    - target: {fileID: -8679921383154817045, guid: 9724b2da5acb37d45a0418691e9d19f5,
        type: 3}
      propertyPath: m_LocalPosition.z
      value: 0
      objectReference: {fileID: 0}
    - target: {fileID: -8679921383154817045, guid: 9724b2da5acb37d45a0418691e9d19f5,
        type: 3}
      propertyPath: m_LocalRotation.x
      value: -0.7071067
      objectReference: {fileID: 0}
    - target: {fileID: -8679921383154817045, guid: 9724b2da5acb37d45a0418691e9d19f5,
        type: 3}
      propertyPath: m_LocalRotation.y
      value: -0.000000030908616
      objectReference: {fileID: 0}
    - target: {fileID: -8679921383154817045, guid: 9724b2da5acb37d45a0418691e9d19f5,
        type: 3}
      propertyPath: m_LocalRotation.z
      value: 0.000000030908623
      objectReference: {fileID: 0}
    - target: {fileID: -8679921383154817045, guid: 9724b2da5acb37d45a0418691e9d19f5,
        type: 3}
      propertyPath: m_LocalRotation.w
      value: 0.7071068
      objectReference: {fileID: 0}
    - target: {fileID: -8679921383154817045, guid: 9724b2da5acb37d45a0418691e9d19f5,
        type: 3}
      propertyPath: m_RootOrder
      value: 0
      objectReference: {fileID: 0}
    - target: {fileID: -8679921383154817045, guid: 9724b2da5acb37d45a0418691e9d19f5,
        type: 3}
      propertyPath: m_LocalEulerAnglesHint.x
      value: 0
      objectReference: {fileID: 0}
    - target: {fileID: -8679921383154817045, guid: 9724b2da5acb37d45a0418691e9d19f5,
        type: 3}
      propertyPath: m_LocalEulerAnglesHint.y
      value: 0
      objectReference: {fileID: 0}
    - target: {fileID: -8679921383154817045, guid: 9724b2da5acb37d45a0418691e9d19f5,
        type: 3}
      propertyPath: m_LocalEulerAnglesHint.z
      value: 0
      objectReference: {fileID: 0}
    - target: {fileID: -8679921383154817045, guid: 9724b2da5acb37d45a0418691e9d19f5,
        type: 3}
      propertyPath: m_LocalScale.x
      value: 200
      objectReference: {fileID: 0}
    - target: {fileID: -8679921383154817045, guid: 9724b2da5acb37d45a0418691e9d19f5,
        type: 3}
      propertyPath: m_LocalScale.y
      value: 200
      objectReference: {fileID: 0}
    - target: {fileID: -8679921383154817045, guid: 9724b2da5acb37d45a0418691e9d19f5,
        type: 3}
      propertyPath: m_LocalScale.z
      value: 200
      objectReference: {fileID: 0}
    - target: {fileID: -3386652379563788246, guid: 9724b2da5acb37d45a0418691e9d19f5,
        type: 3}
      propertyPath: m_Enabled
      value: 0
      objectReference: {fileID: 0}
    - target: {fileID: -1465365013693498976, guid: 9724b2da5acb37d45a0418691e9d19f5,
        type: 3}
      propertyPath: m_Enabled
      value: 0
      objectReference: {fileID: 0}
    - target: {fileID: 919132149155446097, guid: 9724b2da5acb37d45a0418691e9d19f5,
        type: 3}
      propertyPath: m_Name
      value: PanneauAttention
      objectReference: {fileID: 0}
    - target: {fileID: 3119324391500674183, guid: 9724b2da5acb37d45a0418691e9d19f5,
        type: 3}
      propertyPath: m_TagString
      value: DestructibleObstacle
      objectReference: {fileID: 0}
    - target: {fileID: 3119324391500674183, guid: 9724b2da5acb37d45a0418691e9d19f5,
        type: 3}
      propertyPath: m_Layer
      value: 9
      objectReference: {fileID: 0}
    - target: {fileID: 3451118302482216456, guid: 9724b2da5acb37d45a0418691e9d19f5,
        type: 3}
      propertyPath: m_Enabled
      value: 0
      objectReference: {fileID: 0}
    m_RemovedComponents:
    - {fileID: -3386652379563788246, guid: 9724b2da5acb37d45a0418691e9d19f5, type: 3}
    - {fileID: -1465365013693498976, guid: 9724b2da5acb37d45a0418691e9d19f5, type: 3}
    - {fileID: 3451118302482216456, guid: 9724b2da5acb37d45a0418691e9d19f5, type: 3}
  m_SourcePrefab: {fileID: 100100000, guid: 9724b2da5acb37d45a0418691e9d19f5, type: 3}
--- !u!4 &5523334427893249885 stripped
Transform:
  m_CorrespondingSourceObject: {fileID: -8679921383154817045, guid: 9724b2da5acb37d45a0418691e9d19f5,
    type: 3}
  m_PrefabInstance: {fileID: 5416821105429991606}
  m_PrefabAsset: {fileID: 0}
--- !u!1 &6946374824153687089 stripped
GameObject:
  m_CorrespondingSourceObject: {fileID: 3119324391500674183, guid: 9724b2da5acb37d45a0418691e9d19f5,
    type: 3}
  m_PrefabInstance: {fileID: 5416821105429991606}
  m_PrefabAsset: {fileID: 0}
